%YAML 1.1
%TAG !u! tag:unity3d.com,2011:
--- !u!29 &1
SceneSettings:
  m_ObjectHideFlags: 0
  m_PVSData: 
  m_PVSObjectsArray: []
  m_PVSPortalsArray: []
  m_OcclusionBakeSettings:
    smallestOccluder: 5
    smallestHole: .25
    backfaceThreshold: 100
--- !u!104 &2
RenderSettings:
  m_Fog: 0
  m_FogColor: {r: .5, g: .5, b: .5, a: 1}
  m_FogMode: 3
  m_FogDensity: .00999999978
  m_LinearFogStart: 0
  m_LinearFogEnd: 300
  m_AmbientLight: {r: .764705896, g: .764705896, b: .764705896, a: 1}
  m_SkyboxMaterial: {fileID: 0}
  m_HaloStrength: .5
  m_FlareStrength: 1
  m_FlareFadeSpeed: 3
  m_HaloTexture: {fileID: 0}
  m_SpotCookie: {fileID: 0}
  m_ObjectHideFlags: 0
--- !u!127 &3
LevelGameManager:
  m_ObjectHideFlags: 0
--- !u!157 &4
LightmapSettings:
  m_ObjectHideFlags: 0
  m_LightProbes: {fileID: 0}
  m_Lightmaps: []
  m_LightmapsMode: 1
  m_BakedColorSpace: 0
  m_UseDualLightmapsInForward: 0
  m_LightmapEditorSettings:
    m_Resolution: 50
    m_LastUsedResolution: 0
    m_TextureWidth: 1024
    m_TextureHeight: 1024
    m_BounceBoost: 1
    m_BounceIntensity: 1
    m_SkyLightColor: {r: .860000014, g: .930000007, b: 1, a: 1}
    m_SkyLightIntensity: 0
    m_Quality: 0
    m_Bounces: 1
    m_FinalGatherRays: 1000
    m_FinalGatherContrastThreshold: .0500000007
    m_FinalGatherGradientThreshold: 0
    m_FinalGatherInterpolationPoints: 15
    m_AOAmount: 0
    m_AOMaxDistance: .100000001
    m_AOContrast: 1
    m_LODSurfaceMappingDistance: 1
    m_Padding: 0
    m_TextureCompression: 0
    m_LockAtlas: 0
--- !u!196 &5
NavMeshSettings:
  m_ObjectHideFlags: 0
  m_BuildSettings:
    agentRadius: .5
    agentHeight: 2
    agentSlope: 45
    agentClimb: .400000006
    ledgeDropHeight: 0
    maxJumpAcrossDistance: 0
    accuratePlacement: 0
    minRegionArea: 2
    widthInaccuracy: 16.666666
    heightInaccuracy: 10
  m_NavMesh: {fileID: 0}
--- !u!1001 &16829375
Prefab:
  m_ObjectHideFlags: 0
  serializedVersion: 2
  m_Modification:
    m_TransformParent: {fileID: 0}
    m_Modifications:
    - target: {fileID: 428988, guid: e9bee290623cafb429ccd14fd542dbcd, type: 2}
      propertyPath: m_LocalPosition.x
      value: -13.4200001
      objectReference: {fileID: 0}
    - target: {fileID: 428988, guid: e9bee290623cafb429ccd14fd542dbcd, type: 2}
      propertyPath: m_LocalPosition.y
      value: 2.06999969
      objectReference: {fileID: 0}
    - target: {fileID: 428988, guid: e9bee290623cafb429ccd14fd542dbcd, type: 2}
      propertyPath: m_LocalPosition.z
      value: 0
      objectReference: {fileID: 0}
    - target: {fileID: 428988, guid: e9bee290623cafb429ccd14fd542dbcd, type: 2}
      propertyPath: m_LocalRotation.x
      value: 0
      objectReference: {fileID: 0}
    - target: {fileID: 428988, guid: e9bee290623cafb429ccd14fd542dbcd, type: 2}
      propertyPath: m_LocalRotation.y
      value: 0
      objectReference: {fileID: 0}
    - target: {fileID: 428988, guid: e9bee290623cafb429ccd14fd542dbcd, type: 2}
      propertyPath: m_LocalRotation.z
      value: 0
      objectReference: {fileID: 0}
    - target: {fileID: 428988, guid: e9bee290623cafb429ccd14fd542dbcd, type: 2}
      propertyPath: m_LocalRotation.w
      value: 1
      objectReference: {fileID: 0}
    - target: {fileID: 428988, guid: e9bee290623cafb429ccd14fd542dbcd, type: 2}
      propertyPath: m_RootOrder
      value: 5
      objectReference: {fileID: 0}
    - target: {fileID: 128988, guid: e9bee290623cafb429ccd14fd542dbcd, type: 2}
      propertyPath: m_Icon
      value: 
      objectReference: {fileID: -215833656, guid: 0000000000000000d000000000000000,
        type: 0}
    m_RemovedComponents: []
  m_ParentPrefab: {fileID: 100100000, guid: e9bee290623cafb429ccd14fd542dbcd, type: 2}
  m_RootGameObject: {fileID: 188653379}
  m_IsPrefabParent: 0
  m_IsExploded: 1
--- !u!1 &64469858
GameObject:
  m_ObjectHideFlags: 0
  m_PrefabParentObject: {fileID: 174466, guid: b15f1953aad404041ba45f604d104b82, type: 2}
  m_PrefabInternal: {fileID: 287547869}
  serializedVersion: 4
  m_Component:
  - 4: {fileID: 64469859}
  - 82: {fileID: 64469860}
  m_Layer: 0
  m_Name: Music
  m_TagString: Untagged
  m_Icon: {fileID: 0}
  m_NavMeshLayer: 0
  m_StaticEditorFlags: 0
  m_IsActive: 1
--- !u!4 &64469859
Transform:
  m_ObjectHideFlags: 0
  m_PrefabParentObject: {fileID: 474466, guid: b15f1953aad404041ba45f604d104b82, type: 2}
  m_PrefabInternal: {fileID: 287547869}
  m_GameObject: {fileID: 64469858}
  m_LocalRotation: {x: 0, y: 0, z: 0, w: 1}
  m_LocalPosition: {x: .10786438, y: -7.98636723, z: -.906128883}
  m_LocalScale: {x: 1, y: 1, z: 1}
  m_Children: []
  m_Father: {fileID: 1441561482}
  m_RootOrder: 8
--- !u!82 &64469860
AudioSource:
  m_ObjectHideFlags: 0
  m_PrefabParentObject: {fileID: 8274466, guid: b15f1953aad404041ba45f604d104b82,
    type: 2}
  m_PrefabInternal: {fileID: 287547869}
  m_GameObject: {fileID: 64469858}
  m_Enabled: 1
  serializedVersion: 3
  m_audioClip: {fileID: 8300000, guid: f7f0c740bdd81c14286e5dfe203c4dde, type: 3}
  m_PlayOnAwake: 1
  m_Volume: 1
  m_Pitch: 1
  Loop: 1
  Mute: 0
  Priority: 128
  DopplerLevel: 1
  MinDistance: 1
  MaxDistance: 500
  Pan2D: 0
  rolloffMode: 0
  BypassEffects: 0
  BypassListenerEffects: 0
  BypassReverbZones: 0
  rolloffCustomCurve:
    serializedVersion: 2
    m_Curve:
    - time: 0
      value: 1
      inSlope: 0
      outSlope: 0
      tangentMode: 0
    - time: 1
      value: 0
      inSlope: 0
      outSlope: 0
      tangentMode: 0
    m_PreInfinity: 2
    m_PostInfinity: 2
  panLevelCustomCurve:
    serializedVersion: 2
    m_Curve:
    - time: 0
      value: 1
      inSlope: 0
      outSlope: 0
      tangentMode: 0
    m_PreInfinity: 2
    m_PostInfinity: 2
  spreadCustomCurve:
    serializedVersion: 2
    m_Curve:
    - time: 0
      value: 0
      inSlope: 0
      outSlope: 0
      tangentMode: 0
    m_PreInfinity: 2
    m_PostInfinity: 2
--- !u!1 &122133578
GameObject:
  m_ObjectHideFlags: 0
  m_PrefabParentObject: {fileID: 131756, guid: 220cd8f0249805646b554c1e5ace4e43, type: 2}
  m_PrefabInternal: {fileID: 1372066213}
  serializedVersion: 4
  m_Component:
  - 4: {fileID: 122133582}
  - 33: {fileID: 122133581}
  - 23: {fileID: 122133580}
  - 61: {fileID: 122133579}
  - 114: {fileID: 122133583}
  m_Layer: 11
  m_Name: Trampoline
  m_TagString: Untagged
  m_Icon: {fileID: 0}
  m_NavMeshLayer: 0
  m_StaticEditorFlags: 4294967295
  m_IsActive: 1
--- !u!61 &122133579
BoxCollider2D:
  m_ObjectHideFlags: 0
  m_PrefabParentObject: {fileID: 6131756, guid: 220cd8f0249805646b554c1e5ace4e43,
    type: 2}
  m_PrefabInternal: {fileID: 1372066213}
  m_GameObject: {fileID: 122133578}
  m_Enabled: 1
  m_Material: {fileID: 6200000, guid: 0f9601490b0445449bf8c8bf05de79fe, type: 2}
  m_IsTrigger: 0
  m_Size: {x: 1, y: 1}
  m_Center: {x: 0, y: 0}
--- !u!23 &122133580
Renderer:
  m_ObjectHideFlags: 0
  m_PrefabParentObject: {fileID: 2331756, guid: 220cd8f0249805646b554c1e5ace4e43,
    type: 2}
  m_PrefabInternal: {fileID: 1372066213}
  m_GameObject: {fileID: 122133578}
  m_Enabled: 1
  m_CastShadows: 1
  m_ReceiveShadows: 1
  m_LightmapIndex: 255
  m_LightmapTilingOffset: {x: 1, y: 1, z: 0, w: 0}
  m_Materials:
  - {fileID: 2100000, guid: ed697ac1606a6b241813667d087d224e, type: 2}
  m_SubsetIndices: 
  m_StaticBatchRoot: {fileID: 0}
  m_UseLightProbes: 0
  m_LightProbeAnchor: {fileID: 0}
  m_ScaleInLightmap: 1
  m_SortingLayerID: 0
  m_SortingOrder: 0
--- !u!33 &122133581
MeshFilter:
  m_ObjectHideFlags: 0
  m_PrefabParentObject: {fileID: 3331756, guid: 220cd8f0249805646b554c1e5ace4e43,
    type: 2}
  m_PrefabInternal: {fileID: 1372066213}
  m_GameObject: {fileID: 122133578}
  m_Mesh: {fileID: 10202, guid: 0000000000000000e000000000000000, type: 0}
--- !u!4 &122133582
Transform:
  m_ObjectHideFlags: 0
  m_PrefabParentObject: {fileID: 431756, guid: 220cd8f0249805646b554c1e5ace4e43, type: 2}
  m_PrefabInternal: {fileID: 1372066213}
  m_GameObject: {fileID: 122133578}
  m_LocalRotation: {x: 0, y: 0, z: 0, w: 1}
  m_LocalPosition: {x: 5.30999994, y: -4.42000008, z: 0}
  m_LocalScale: {x: 1.23633409, y: .510133624, z: 1.43855703}
  m_Children: []
  m_Father: {fileID: 0}
  m_RootOrder: 3
--- !u!114 &122133583
MonoBehaviour:
  m_ObjectHideFlags: 0
  m_PrefabParentObject: {fileID: 11450500, guid: 220cd8f0249805646b554c1e5ace4e43,
    type: 2}
  m_PrefabInternal: {fileID: 1372066213}
  m_GameObject: {fileID: 122133578}
  m_Enabled: 1
  m_EditorHideFlags: 0
  m_Script: {fileID: 11500000, guid: 030bc4e9e05e034449ed9bc37e25abeb, type: 3}
  m_Name: 
  m_EditorClassIdentifier: 
  jump: 2
  jumpMultiplier: 1.39999998
--- !u!1 &181866366
GameObject:
  m_ObjectHideFlags: 0
  m_PrefabParentObject: {fileID: 131756, guid: cd8f44ff6ea01824abe6d3e03cb94481, type: 2}
  m_PrefabInternal: {fileID: 1813776983}
  serializedVersion: 4
  m_Component:
  - 4: {fileID: 181866370}
  - 33: {fileID: 181866369}
  - 23: {fileID: 181866368}
  - 61: {fileID: 181866367}
  m_Layer: 11
  m_Name: Wall
  m_TagString: Untagged
  m_Icon: {fileID: 0}
  m_NavMeshLayer: 0
  m_StaticEditorFlags: 4294967295
  m_IsActive: 1
--- !u!61 &181866367
BoxCollider2D:
  m_ObjectHideFlags: 0
  m_PrefabParentObject: {fileID: 6131756, guid: cd8f44ff6ea01824abe6d3e03cb94481,
    type: 2}
  m_PrefabInternal: {fileID: 1813776983}
  m_GameObject: {fileID: 181866366}
  m_Enabled: 1
  m_Material: {fileID: 6200000, guid: 0f9601490b0445449bf8c8bf05de79fe, type: 2}
  m_IsTrigger: 0
  m_Size: {x: 1, y: 1}
  m_Center: {x: 0, y: 0}
--- !u!23 &181866368
Renderer:
  m_ObjectHideFlags: 0
  m_PrefabParentObject: {fileID: 2331756, guid: cd8f44ff6ea01824abe6d3e03cb94481,
    type: 2}
  m_PrefabInternal: {fileID: 1813776983}
  m_GameObject: {fileID: 181866366}
  m_Enabled: 1
  m_CastShadows: 1
  m_ReceiveShadows: 1
  m_LightmapIndex: 255
  m_LightmapTilingOffset: {x: 1, y: 1, z: 0, w: 0}
  m_Materials:
  - {fileID: 2100000, guid: 2a5b7f433598a412b8130055a22f7620, type: 2}
  m_SubsetIndices: 
  m_StaticBatchRoot: {fileID: 0}
  m_UseLightProbes: 0
  m_LightProbeAnchor: {fileID: 0}
  m_ScaleInLightmap: 1
  m_SortingLayerID: 0
  m_SortingOrder: 0
--- !u!33 &181866369
MeshFilter:
  m_ObjectHideFlags: 0
  m_PrefabParentObject: {fileID: 3331756, guid: cd8f44ff6ea01824abe6d3e03cb94481,
    type: 2}
  m_PrefabInternal: {fileID: 1813776983}
  m_GameObject: {fileID: 181866366}
  m_Mesh: {fileID: 4300000, guid: 582e4a305ed745542b5339002232ab25, type: 3}
--- !u!4 &181866370
Transform:
  m_ObjectHideFlags: 0
  m_PrefabParentObject: {fileID: 431756, guid: cd8f44ff6ea01824abe6d3e03cb94481, type: 2}
  m_PrefabInternal: {fileID: 1813776983}
  m_GameObject: {fileID: 181866366}
  m_LocalRotation: {x: 0, y: 0, z: 0, w: 1}
  m_LocalPosition: {x: -17.5599995, y: 3.74000001, z: 0}
  m_LocalScale: {x: 6.18661547, y: 9.20972347, z: 3}
  m_Children: []
  m_Father: {fileID: 0}
  m_RootOrder: 5
--- !u!1 &188653379
GameObject:
  m_ObjectHideFlags: 0
  m_PrefabParentObject: {fileID: 128988, guid: e9bee290623cafb429ccd14fd542dbcd, type: 2}
  m_PrefabInternal: {fileID: 16829375}
  serializedVersion: 4
  m_Component:
  - 4: {fileID: 188653381}
  - 114: {fileID: 188653380}
  m_Layer: 0
  m_Name: Start
  m_TagString: Untagged
  m_Icon: {fileID: -215833656, guid: 0000000000000000d000000000000000, type: 0}
  m_NavMeshLayer: 0
  m_StaticEditorFlags: 0
  m_IsActive: 1
--- !u!114 &188653380
MonoBehaviour:
  m_ObjectHideFlags: 0
  m_PrefabParentObject: {fileID: 11428988, guid: e9bee290623cafb429ccd14fd542dbcd,
    type: 2}
  m_PrefabInternal: {fileID: 16829375}
  m_GameObject: {fileID: 188653379}
  m_Enabled: 1
  m_EditorHideFlags: 0
  m_Script: {fileID: 11500000, guid: 855c4350401c5f548ae19073b264ffc1, type: 3}
  m_Name: 
  m_EditorClassIdentifier: 
--- !u!4 &188653381
Transform:
  m_ObjectHideFlags: 0
  m_PrefabParentObject: {fileID: 428988, guid: e9bee290623cafb429ccd14fd542dbcd, type: 2}
  m_PrefabInternal: {fileID: 16829375}
  m_GameObject: {fileID: 188653379}
  m_LocalRotation: {x: 0, y: 0, z: 0, w: 1}
  m_LocalPosition: {x: -13.4200001, y: 2.06999969, z: 0}
  m_LocalScale: {x: 1, y: 1, z: 1}
  m_Children: []
  m_Father: {fileID: 0}
  m_RootOrder: 6
--- !u!1001 &287547869
Prefab:
  m_ObjectHideFlags: 0
  serializedVersion: 2
  m_Modification:
    m_TransformParent: {fileID: 0}
    m_Modifications:
    - target: {fileID: 497062, guid: b15f1953aad404041ba45f604d104b82, type: 2}
      propertyPath: m_LocalPosition.x
      value: -11.485096
      objectReference: {fileID: 0}
    - target: {fileID: 497062, guid: b15f1953aad404041ba45f604d104b82, type: 2}
      propertyPath: m_LocalPosition.y
      value: 6.08056545
      objectReference: {fileID: 0}
    - target: {fileID: 497062, guid: b15f1953aad404041ba45f604d104b82, type: 2}
      propertyPath: m_LocalPosition.z
      value: 4.31695938
      objectReference: {fileID: 0}
    - target: {fileID: 497062, guid: b15f1953aad404041ba45f604d104b82, type: 2}
      propertyPath: m_LocalRotation.x
      value: 0
      objectReference: {fileID: 0}
    - target: {fileID: 497062, guid: b15f1953aad404041ba45f604d104b82, type: 2}
      propertyPath: m_LocalRotation.y
      value: 0
      objectReference: {fileID: 0}
    - target: {fileID: 497062, guid: b15f1953aad404041ba45f604d104b82, type: 2}
      propertyPath: m_LocalRotation.z
      value: 0
      objectReference: {fileID: 0}
    - target: {fileID: 497062, guid: b15f1953aad404041ba45f604d104b82, type: 2}
      propertyPath: m_LocalRotation.w
      value: 1
      objectReference: {fileID: 0}
    - target: {fileID: 497062, guid: b15f1953aad404041ba45f604d104b82, type: 2}
      propertyPath: m_RootOrder
      value: 8
      objectReference: {fileID: 0}
    m_RemovedComponents: []
  m_ParentPrefab: {fileID: 100100000, guid: b15f1953aad404041ba45f604d104b82, type: 2}
  m_RootGameObject: {fileID: 1441561481}
  m_IsPrefabParent: 0
  m_IsExploded: 1
--- !u!1 &365157147
GameObject:
  m_ObjectHideFlags: 0
  m_PrefabParentObject: {fileID: 197384, guid: b15f1953aad404041ba45f604d104b82, type: 2}
  m_PrefabInternal: {fileID: 287547869}
  serializedVersion: 4
  m_Component:
  - 4: {fileID: 365157148}
  - 20: {fileID: 365157152}
  m_Layer: 0
  m_Name: MinimapCamera
  m_TagString: Untagged
  m_Icon: {fileID: 0}
  m_NavMeshLayer: 0
  m_StaticEditorFlags: 0
  m_IsActive: 1
--- !u!4 &365157148
Transform:
  m_ObjectHideFlags: 0
  m_PrefabParentObject: {fileID: 497384, guid: b15f1953aad404041ba45f604d104b82, type: 2}
  m_PrefabInternal: {fileID: 287547869}
  m_GameObject: {fileID: 365157147}
  m_LocalRotation: {x: 0, y: 0, z: 0, w: 1}
  m_LocalPosition: {x: 10.5, y: -3, z: -5}
  m_LocalScale: {x: 1, y: 1, z: 1}
  m_Children: []
  m_Father: {fileID: 1441561482}
  m_RootOrder: 5
--- !u!20 &365157152
Camera:
  m_ObjectHideFlags: 0
  m_PrefabParentObject: {fileID: 2097384, guid: b15f1953aad404041ba45f604d104b82,
    type: 2}
  m_PrefabInternal: {fileID: 287547869}
  m_GameObject: {fileID: 365157147}
  m_Enabled: 1
  serializedVersion: 2
  m_ClearFlags: 1
  m_BackGroundColor: {r: .192156866, g: .301960796, b: .474509805, a: .0196078438}
  m_NormalizedViewPortRect:
    serializedVersion: 2
    x: 0
    y: .699999988
    width: .300000012
    height: .699999988
  near clip plane: -12.8999996
  far clip plane: 996.809998
  field of view: 60
  orthographic: 1
  orthographic size: 10.8000002
  m_Depth: 0
  m_CullingMask:
    serializedVersion: 2
    m_Bits: 4294967295
  m_RenderingPath: -1
  m_TargetTexture: {fileID: 0}
  m_TargetDisplay: 0
  m_HDR: 0
  m_OcclusionCulling: 1
  m_StereoConvergence: 10
  m_StereoSeparation: .0219999999
--- !u!1 &374150853
GameObject:
  m_ObjectHideFlags: 0
  m_PrefabParentObject: {fileID: 106190, guid: 4649acfa33a08c74b859795c52b8520a, type: 2}
  m_PrefabInternal: {fileID: 0}
  serializedVersion: 4
  m_Component:
  - 4: {fileID: 374150856}
  - 33: {fileID: 374150855}
  - 23: {fileID: 374150854}
  m_Layer: 0
  m_Name: Sky
  m_TagString: Untagged
  m_Icon: {fileID: 0}
  m_NavMeshLayer: 0
  m_StaticEditorFlags: 0
  m_IsActive: 1
--- !u!23 &374150854
Renderer:
  m_ObjectHideFlags: 0
  m_PrefabParentObject: {fileID: 2306190, guid: 4649acfa33a08c74b859795c52b8520a,
    type: 2}
  m_PrefabInternal: {fileID: 0}
  m_GameObject: {fileID: 374150853}
  m_Enabled: 1
  m_CastShadows: 0
  m_ReceiveShadows: 0
  m_LightmapIndex: 255
  m_LightmapTilingOffset: {x: 1, y: 1, z: 0, w: 0}
  m_Materials:
  - {fileID: 2100000, guid: 448a53e82a812d543a708867d9ef3af3, type: 2}
  m_SubsetIndices: 
  m_StaticBatchRoot: {fileID: 0}
  m_UseLightProbes: 0
  m_LightProbeAnchor: {fileID: 0}
  m_ScaleInLightmap: 1
  m_SortingLayerID: 0
  m_SortingOrder: 0
--- !u!33 &374150855
MeshFilter:
  m_ObjectHideFlags: 0
  m_PrefabParentObject: {fileID: 3306190, guid: 4649acfa33a08c74b859795c52b8520a,
    type: 2}
  m_PrefabInternal: {fileID: 0}
  m_GameObject: {fileID: 374150853}
  m_Mesh: {fileID: 10210, guid: 0000000000000000e000000000000000, type: 0}
--- !u!4 &374150856
Transform:
  m_ObjectHideFlags: 0
  m_PrefabParentObject: {fileID: 406190, guid: 4649acfa33a08c74b859795c52b8520a, type: 2}
  m_PrefabInternal: {fileID: 0}
  m_GameObject: {fileID: 374150853}
  m_LocalRotation: {x: .0696334839, y: 0, z: 0, w: .99757266}
  m_LocalPosition: {x: -10.1999998, y: -1.70000005, z: 40.7999992}
  m_LocalScale: {x: 160, y: 90, z: 1}
  m_Children: []
  m_Father: {fileID: 0}
  m_RootOrder: 0
--- !u!1 &453329497
GameObject:
  m_ObjectHideFlags: 0
  m_PrefabParentObject: {fileID: 131756, guid: cd8f44ff6ea01824abe6d3e03cb94481, type: 2}
  m_PrefabInternal: {fileID: 1505437171}
  serializedVersion: 4
  m_Component:
  - 4: {fileID: 453329501}
  - 33: {fileID: 453329500}
  - 23: {fileID: 453329499}
  - 61: {fileID: 453329498}
  m_Layer: 11
  m_Name: Wall
  m_TagString: Untagged
  m_Icon: {fileID: 0}
  m_NavMeshLayer: 0
  m_StaticEditorFlags: 4294967295
  m_IsActive: 1
--- !u!61 &453329498
BoxCollider2D:
  m_ObjectHideFlags: 0
  m_PrefabParentObject: {fileID: 6131756, guid: cd8f44ff6ea01824abe6d3e03cb94481,
    type: 2}
  m_PrefabInternal: {fileID: 1505437171}
  m_GameObject: {fileID: 453329497}
  m_Enabled: 1
  m_Material: {fileID: 6200000, guid: 0f9601490b0445449bf8c8bf05de79fe, type: 2}
  m_IsTrigger: 0
  m_Size: {x: 1, y: 1}
  m_Center: {x: 0, y: 0}
--- !u!23 &453329499
Renderer:
  m_ObjectHideFlags: 0
  m_PrefabParentObject: {fileID: 2331756, guid: cd8f44ff6ea01824abe6d3e03cb94481,
    type: 2}
  m_PrefabInternal: {fileID: 1505437171}
  m_GameObject: {fileID: 453329497}
  m_Enabled: 1
  m_CastShadows: 1
  m_ReceiveShadows: 1
  m_LightmapIndex: 255
  m_LightmapTilingOffset: {x: 1, y: 1, z: 0, w: 0}
  m_Materials:
  - {fileID: 2100000, guid: 2a5b7f433598a412b8130055a22f7620, type: 2}
  m_SubsetIndices: 
  m_StaticBatchRoot: {fileID: 0}
  m_UseLightProbes: 0
  m_LightProbeAnchor: {fileID: 0}
  m_ScaleInLightmap: 1
  m_SortingLayerID: 0
  m_SortingOrder: 0
--- !u!33 &453329500
MeshFilter:
  m_ObjectHideFlags: 0
  m_PrefabParentObject: {fileID: 3331756, guid: cd8f44ff6ea01824abe6d3e03cb94481,
    type: 2}
  m_PrefabInternal: {fileID: 1505437171}
  m_GameObject: {fileID: 453329497}
  m_Mesh: {fileID: 4300000, guid: 582e4a305ed745542b5339002232ab25, type: 3}
--- !u!4 &453329501
Transform:
  m_ObjectHideFlags: 0
  m_PrefabParentObject: {fileID: 431756, guid: cd8f44ff6ea01824abe6d3e03cb94481, type: 2}
  m_PrefabInternal: {fileID: 1505437171}
  m_GameObject: {fileID: 453329497}
  m_LocalRotation: {x: 0, y: 0, z: 0, w: 1}
  m_LocalPosition: {x: 15.3199997, y: 1.87, z: 0}
  m_LocalScale: {x: 6.18661547, y: 21.0218925, z: 3}
  m_Children: []
  m_Father: {fileID: 0}
  m_RootOrder: 11
--- !u!1 &695727515
GameObject:
  m_ObjectHideFlags: 0
  m_PrefabParentObject: {fileID: 197070, guid: b15f1953aad404041ba45f604d104b82, type: 2}
  m_PrefabInternal: {fileID: 287547869}
  serializedVersion: 4
  m_Component:
  - 4: {fileID: 695727519}
  - 114: {fileID: 695727518}
  - 114: {fileID: 695727517}
  - 114: {fileID: 695727516}
  m_Layer: 0
  m_Name: EventSystem
  m_TagString: Untagged
  m_Icon: {fileID: 0}
  m_NavMeshLayer: 0
  m_StaticEditorFlags: 0
  m_IsActive: 1
--- !u!114 &695727516
MonoBehaviour:
  m_ObjectHideFlags: 0
  m_PrefabParentObject: {fileID: 11497068, guid: b15f1953aad404041ba45f604d104b82,
    type: 2}
  m_PrefabInternal: {fileID: 287547869}
  m_GameObject: {fileID: 695727515}
  m_Enabled: 1
  m_EditorHideFlags: 0
  m_Script: {fileID: 1997211142, guid: f5f67c52d1564df4a8936ccd202a3bd8, type: 3}
  m_Name: 
  m_EditorClassIdentifier: 
  m_AllowActivationOnStandalone: 0
--- !u!114 &695727517
MonoBehaviour:
  m_ObjectHideFlags: 0
  m_PrefabParentObject: {fileID: 11497070, guid: b15f1953aad404041ba45f604d104b82,
    type: 2}
  m_PrefabInternal: {fileID: 287547869}
  m_GameObject: {fileID: 695727515}
  m_Enabled: 1
  m_EditorHideFlags: 0
  m_Script: {fileID: 1077351063, guid: f5f67c52d1564df4a8936ccd202a3bd8, type: 3}
  m_Name: 
  m_EditorClassIdentifier: 
  m_HorizontalAxis: Horizontal
  m_VerticalAxis: Vertical
  m_SubmitButton: Submit
  m_CancelButton: Cancel
  m_InputActionsPerSecond: 10
  m_AllowActivationOnMobileDevice: 0
--- !u!114 &695727518
MonoBehaviour:
  m_ObjectHideFlags: 0
  m_PrefabParentObject: {fileID: 11497072, guid: b15f1953aad404041ba45f604d104b82,
    type: 2}
  m_PrefabInternal: {fileID: 287547869}
  m_GameObject: {fileID: 695727515}
  m_Enabled: 1
  m_EditorHideFlags: 0
  m_Script: {fileID: -619905303, guid: f5f67c52d1564df4a8936ccd202a3bd8, type: 3}
  m_Name: 
  m_EditorClassIdentifier: 
  m_FirstSelected: {fileID: 0}
  m_sendNavigationEvents: 1
  m_DragThreshold: 5
--- !u!4 &695727519
Transform:
  m_ObjectHideFlags: 0
  m_PrefabParentObject: {fileID: 497068, guid: b15f1953aad404041ba45f604d104b82, type: 2}
  m_PrefabInternal: {fileID: 287547869}
  m_GameObject: {fileID: 695727515}
  m_LocalRotation: {x: 0, y: 0, z: 0, w: 1}
  m_LocalPosition: {x: 11.485096, y: -6.08056545, z: -4.31695938}
  m_LocalScale: {x: 1, y: 1, z: 1}
  m_Children: []
  m_Father: {fileID: 1441561482}
  m_RootOrder: 0
--- !u!1 &945624245
GameObject:
  m_ObjectHideFlags: 0
  m_PrefabParentObject: {fileID: 197076, guid: b15f1953aad404041ba45f604d104b82, type: 2}
  m_PrefabInternal: {fileID: 287547869}
  serializedVersion: 4
  m_Component:
  - 4: {fileID: 945624247}
  - 114: {fileID: 945624246}
  m_Layer: 0
  m_Name: Recorder
  m_TagString: Untagged
  m_Icon: {fileID: 0}
  m_NavMeshLayer: 0
  m_StaticEditorFlags: 0
  m_IsActive: 1
--- !u!114 &945624246
MonoBehaviour:
  m_ObjectHideFlags: 0
  m_PrefabParentObject: {fileID: 11497080, guid: b15f1953aad404041ba45f604d104b82,
    type: 2}
  m_PrefabInternal: {fileID: 287547869}
  m_GameObject: {fileID: 945624245}
  m_Enabled: 1
  m_EditorHideFlags: 0
  m_Script: {fileID: 11500000, guid: 91a296be7ba6bfd4fbeea67a78df10cb, type: 3}
  m_Name: 
  m_EditorClassIdentifier: 
--- !u!4 &945624247
Transform:
  m_ObjectHideFlags: 0
  m_PrefabParentObject: {fileID: 497072, guid: b15f1953aad404041ba45f604d104b82, type: 2}
  m_PrefabInternal: {fileID: 287547869}
  m_GameObject: {fileID: 945624245}
  m_LocalRotation: {x: 0, y: 0, z: 0, w: 1}
  m_LocalPosition: {x: 10.7050962, y: -5.53056526, z: -4.13695955}
  m_LocalScale: {x: 1, y: 1, z: 1}
  m_Children: []
  m_Father: {fileID: 1441561482}
  m_RootOrder: 4
--- !u!1 &1118625865
GameObject:
  m_ObjectHideFlags: 0
  m_PrefabParentObject: {fileID: 197066, guid: b15f1953aad404041ba45f604d104b82, type: 2}
  m_PrefabInternal: {fileID: 287547869}
  serializedVersion: 4
  m_Component:
  - 4: {fileID: 1118625866}
  - 114: {fileID: 1118625867}
  m_Layer: 0
  m_Name: EffectSystem
  m_TagString: Untagged
  m_Icon: {fileID: 0}
  m_NavMeshLayer: 0
  m_StaticEditorFlags: 0
  m_IsActive: 1
--- !u!4 &1118625866
Transform:
  m_ObjectHideFlags: 0
  m_PrefabParentObject: {fileID: 497066, guid: b15f1953aad404041ba45f604d104b82, type: 2}
  m_PrefabInternal: {fileID: 287547869}
  m_GameObject: {fileID: 1118625865}
  m_LocalRotation: {x: 0, y: 0, z: 0, w: 1}
  m_LocalPosition: {x: .987685204, y: -6.15728569, z: -3.43671751}
  m_LocalScale: {x: 1, y: 1, z: 1}
  m_Children: []
  m_Father: {fileID: 1441561482}
  m_RootOrder: 1
--- !u!114 &1118625867
MonoBehaviour:
  m_ObjectHideFlags: 0
  m_PrefabParentObject: {fileID: 11497062, guid: b15f1953aad404041ba45f604d104b82,
    type: 2}
  m_PrefabInternal: {fileID: 287547869}
  m_GameObject: {fileID: 1118625865}
  m_Enabled: 1
  m_EditorHideFlags: 0
  m_Script: {fileID: 11500000, guid: 038e99330592fce45883b50c67690844, type: 3}
  m_Name: 
  m_EditorClassIdentifier: 
  bloodParticlePrefab: {fileID: 149648, guid: 57a1a71cc480f42468338666ccf6c68a, type: 2}
--- !u!1 &1136159611
GameObject:
  m_ObjectHideFlags: 0
  m_PrefabParentObject: {fileID: 197078, guid: b15f1953aad404041ba45f604d104b82, type: 2}
  m_PrefabInternal: {fileID: 287547869}
  serializedVersion: 4
  m_Component:
  - 4: {fileID: 1136159613}
  - 114: {fileID: 1136159612}
  m_Layer: 0
  m_Name: GameLogic
  m_TagString: Untagged
  m_Icon: {fileID: 0}
  m_NavMeshLayer: 0
  m_StaticEditorFlags: 0
  m_IsActive: 1
--- !u!114 &1136159612
MonoBehaviour:
  m_ObjectHideFlags: 0
  m_PrefabParentObject: {fileID: 11497082, guid: b15f1953aad404041ba45f604d104b82,
    type: 2}
  m_PrefabInternal: {fileID: 287547869}
  m_GameObject: {fileID: 1136159611}
  m_Enabled: 1
  m_EditorHideFlags: 0
  m_Script: {fileID: 11500000, guid: 950f75f965d5a304496302a6920c3dae, type: 3}
  m_Name: 
  m_EditorClassIdentifier: 
--- !u!4 &1136159613
Transform:
  m_ObjectHideFlags: 0
  m_PrefabParentObject: {fileID: 497074, guid: b15f1953aad404041ba45f604d104b82, type: 2}
  m_PrefabInternal: {fileID: 287547869}
  m_GameObject: {fileID: 1136159611}
  m_LocalRotation: {x: 0, y: 0, z: 0, w: 1}
  m_LocalPosition: {x: 11.6318388, y: -5.76004648, z: -4.49027586}
  m_LocalScale: {x: 1, y: 1, z: 1}
  m_Children: []
  m_Father: {fileID: 1441561482}
  m_RootOrder: 3
--- !u!1001 &1372066213
Prefab:
  m_ObjectHideFlags: 0
  serializedVersion: 2
  m_Modification:
    m_TransformParent: {fileID: 0}
    m_Modifications:
    - target: {fileID: 431756, guid: 220cd8f0249805646b554c1e5ace4e43, type: 2}
      propertyPath: m_LocalPosition.x
      value: 5.30999994
      objectReference: {fileID: 0}
    - target: {fileID: 431756, guid: 220cd8f0249805646b554c1e5ace4e43, type: 2}
      propertyPath: m_LocalPosition.y
      value: -4.42000008
      objectReference: {fileID: 0}
    - target: {fileID: 431756, guid: 220cd8f0249805646b554c1e5ace4e43, type: 2}
      propertyPath: m_LocalPosition.z
      value: 0
      objectReference: {fileID: 0}
    - target: {fileID: 431756, guid: 220cd8f0249805646b554c1e5ace4e43, type: 2}
      propertyPath: m_LocalRotation.x
      value: 0
      objectReference: {fileID: 0}
    - target: {fileID: 431756, guid: 220cd8f0249805646b554c1e5ace4e43, type: 2}
      propertyPath: m_LocalRotation.y
      value: 0
      objectReference: {fileID: 0}
    - target: {fileID: 431756, guid: 220cd8f0249805646b554c1e5ace4e43, type: 2}
      propertyPath: m_LocalRotation.z
      value: 0
      objectReference: {fileID: 0}
    - target: {fileID: 431756, guid: 220cd8f0249805646b554c1e5ace4e43, type: 2}
      propertyPath: m_LocalRotation.w
      value: 1
      objectReference: {fileID: 0}
    - target: {fileID: 431756, guid: 220cd8f0249805646b554c1e5ace4e43, type: 2}
      propertyPath: m_RootOrder
      value: 2
      objectReference: {fileID: 0}
    - target: {fileID: 431756, guid: 220cd8f0249805646b554c1e5ace4e43, type: 2}
      propertyPath: m_LocalScale.y
      value: .510133624
      objectReference: {fileID: 0}
    - target: {fileID: 431756, guid: 220cd8f0249805646b554c1e5ace4e43, type: 2}
      propertyPath: m_LocalScale.x
      value: 1.23633409
      objectReference: {fileID: 0}
    - target: {fileID: 431756, guid: 220cd8f0249805646b554c1e5ace4e43, type: 2}
      propertyPath: m_LocalScale.z
      value: 1.43855703
      objectReference: {fileID: 0}
    m_RemovedComponents: []
  m_ParentPrefab: {fileID: 100100000, guid: 220cd8f0249805646b554c1e5ace4e43, type: 2}
  m_RootGameObject: {fileID: 122133578}
  m_IsPrefabParent: 0
  m_IsExploded: 1
--- !u!1 &1419432267
GameObject:
  m_ObjectHideFlags: 0
  m_PrefabParentObject: {fileID: 197068, guid: b15f1953aad404041ba45f604d104b82, type: 2}
  m_PrefabInternal: {fileID: 287547869}
  serializedVersion: 4
  m_Component:
  - 224: {fileID: 1419432268}
  - 114: {fileID: 1419432270}
  - 114: {fileID: 1419432269}
  m_Layer: 0
  m_Name: CharacterHUD
  m_TagString: Untagged
  m_Icon: {fileID: 0}
  m_NavMeshLayer: 0
  m_StaticEditorFlags: 0
  m_IsActive: 1
--- !u!224 &1419432268
RectTransform:
  m_ObjectHideFlags: 0
  m_PrefabParentObject: {fileID: 22497062, guid: b15f1953aad404041ba45f604d104b82,
    type: 2}
  m_PrefabInternal: {fileID: 287547869}
  m_GameObject: {fileID: 1419432267}
  m_LocalRotation: {x: 0, y: 0, z: 0, w: 1}
  m_LocalPosition: {x: 0, y: 0, z: 0}
  m_LocalScale: {x: 1, y: 1, z: 1}
  m_Children: []
  m_Father: {fileID: 1734744912}
  m_RootOrder: 0
  m_AnchorMin: {x: .300000012, y: 0}
  m_AnchorMax: {x: .699999988, y: 1}
  m_AnchoredPosition: {x: 0, y: 0}
  m_SizeDelta: {x: 0, y: 0}
  m_Pivot: {x: .5, y: .5}
--- !u!114 &1419432269
MonoBehaviour:
  m_ObjectHideFlags: 0
  m_PrefabParentObject: {fileID: 11497066, guid: b15f1953aad404041ba45f604d104b82,
    type: 2}
  m_PrefabInternal: {fileID: 287547869}
  m_GameObject: {fileID: 1419432267}
  m_Enabled: 1
  m_EditorHideFlags: 0
  m_Script: {fileID: 11500000, guid: 62fa3f93eb3528a4cb291a01d1d77265, type: 3}
  m_Name: 
  m_EditorClassIdentifier: 
  m_characterStatusPrefab: {fileID: 164882, guid: b39372e94fa3a874d8d1d6b2923b9c3b,
    type: 2}
--- !u!114 &1419432270
MonoBehaviour:
  m_ObjectHideFlags: 0
  m_PrefabParentObject: {fileID: 11497064, guid: b15f1953aad404041ba45f604d104b82,
    type: 2}
  m_PrefabInternal: {fileID: 287547869}
  m_GameObject: {fileID: 1419432267}
  m_Enabled: 1
  m_EditorHideFlags: 0
  m_Script: {fileID: -405508275, guid: f5f67c52d1564df4a8936ccd202a3bd8, type: 3}
  m_Name: 
  m_EditorClassIdentifier: 
  m_Padding:
    m_Left: 0
    m_Right: 0
    m_Top: 0
    m_Bottom: 0
  m_ChildAlignment: 0
  m_Spacing: 5
  m_ChildForceExpandWidth: 1
  m_ChildForceExpandHeight: 0
--- !u!1 &1441561481
GameObject:
  m_ObjectHideFlags: 0
  m_PrefabParentObject: {fileID: 197062, guid: b15f1953aad404041ba45f604d104b82, type: 2}
  m_PrefabInternal: {fileID: 287547869}
  serializedVersion: 4
  m_Component:
  - 4: {fileID: 1441561482}
  m_Layer: 0
  m_Name: GameComponents
  m_TagString: Untagged
  m_Icon: {fileID: 0}
  m_NavMeshLayer: 0
  m_StaticEditorFlags: 0
  m_IsActive: 1
--- !u!4 &1441561482
Transform:
  m_ObjectHideFlags: 0
  m_PrefabParentObject: {fileID: 497062, guid: b15f1953aad404041ba45f604d104b82, type: 2}
  m_PrefabInternal: {fileID: 287547869}
  m_GameObject: {fileID: 1441561481}
  m_LocalRotation: {x: 0, y: 0, z: 0, w: 1}
  m_LocalPosition: {x: -11.485096, y: 6.08056545, z: 4.31695938}
  m_LocalScale: {x: 1, y: 1, z: 1}
  m_Children:
  - {fileID: 695727519}
  - {fileID: 1118625866}
  - {fileID: 1734744912}
  - {fileID: 1136159613}
  - {fileID: 945624247}
  - {fileID: 365157148}
  - {fileID: 1720568592}
  - {fileID: 2059297088}
  - {fileID: 64469859}
  m_Father: {fileID: 0}
  m_RootOrder: 8
--- !u!1 &1503899296
GameObject:
  m_ObjectHideFlags: 0
  m_PrefabParentObject: {fileID: 0}
  m_PrefabInternal: {fileID: 0}
  serializedVersion: 4
  m_Component:
  - 4: {fileID: 1503899298}
  - 108: {fileID: 1503899297}
  m_Layer: 0
  m_Name: Directional light
  m_TagString: Untagged
  m_Icon: {fileID: 0}
  m_NavMeshLayer: 0
  m_StaticEditorFlags: 0
  m_IsActive: 1
--- !u!108 &1503899297
Light:
  m_ObjectHideFlags: 0
  m_PrefabParentObject: {fileID: 0}
  m_PrefabInternal: {fileID: 0}
  m_GameObject: {fileID: 1503899296}
  m_Enabled: 1
  serializedVersion: 3
  m_Type: 1
  m_Color: {r: 1, g: 1, b: 1, a: 1}
  m_Intensity: .200000003
  m_Range: 10
  m_SpotAngle: 30
  m_CookieSize: 10
  m_Shadows:
    m_Type: 2
    m_Resolution: -1
    m_Strength: 1
    m_Bias: .0500000007
    m_Softness: 4
    m_SoftnessFade: 1
  m_Cookie: {fileID: 0}
  m_DrawHalo: 0
  m_ActuallyLightmapped: 0
  m_Flare: {fileID: 0}
  m_RenderMode: 0
  m_CullingMask:
    serializedVersion: 2
    m_Bits: 4294967295
  m_Lightmapping: 1
  m_ShadowSamples: 1
  m_ShadowRadius: 0
  m_ShadowAngle: 0
  m_IndirectIntensity: 1
  m_AreaSize: {x: 1, y: 1}
--- !u!4 &1503899298
Transform:
  m_ObjectHideFlags: 0
  m_PrefabParentObject: {fileID: 0}
  m_PrefabInternal: {fileID: 0}
  m_GameObject: {fileID: 1503899296}
  m_LocalRotation: {x: .1408135, y: -.854520082, z: .398469388, w: .301975489}
  m_LocalPosition: {x: .162565976, y: -.0317628682, z: -.00906279404}
  m_LocalScale: {x: 1, y: 1, z: 1}
  m_Children: []
  m_Father: {fileID: 0}
  m_RootOrder: 7
--- !u!1001 &1505437171
Prefab:
  m_ObjectHideFlags: 0
  serializedVersion: 2
  m_Modification:
    m_TransformParent: {fileID: 0}
    m_Modifications:
    - target: {fileID: 431756, guid: cd8f44ff6ea01824abe6d3e03cb94481, type: 2}
      propertyPath: m_LocalPosition.x
      value: 15.3199997
      objectReference: {fileID: 0}
    - target: {fileID: 431756, guid: cd8f44ff6ea01824abe6d3e03cb94481, type: 2}
      propertyPath: m_LocalPosition.y
      value: 1.87
      objectReference: {fileID: 0}
    - target: {fileID: 431756, guid: cd8f44ff6ea01824abe6d3e03cb94481, type: 2}
      propertyPath: m_LocalPosition.z
      value: 0
      objectReference: {fileID: 0}
    - target: {fileID: 431756, guid: cd8f44ff6ea01824abe6d3e03cb94481, type: 2}
      propertyPath: m_LocalRotation.x
      value: 0
      objectReference: {fileID: 0}
    - target: {fileID: 431756, guid: cd8f44ff6ea01824abe6d3e03cb94481, type: 2}
      propertyPath: m_LocalRotation.y
      value: 0
      objectReference: {fileID: 0}
    - target: {fileID: 431756, guid: cd8f44ff6ea01824abe6d3e03cb94481, type: 2}
      propertyPath: m_LocalRotation.z
      value: 0
      objectReference: {fileID: 0}
    - target: {fileID: 431756, guid: cd8f44ff6ea01824abe6d3e03cb94481, type: 2}
      propertyPath: m_LocalRotation.w
      value: 1
      objectReference: {fileID: 0}
    - target: {fileID: 431756, guid: cd8f44ff6ea01824abe6d3e03cb94481, type: 2}
      propertyPath: m_RootOrder
      value: 13
      objectReference: {fileID: 0}
    m_RemovedComponents: []
  m_ParentPrefab: {fileID: 100100000, guid: cd8f44ff6ea01824abe6d3e03cb94481, type: 2}
  m_RootGameObject: {fileID: 453329497}
  m_IsPrefabParent: 0
  m_IsExploded: 1
--- !u!1001 &1604746984
Prefab:
  m_ObjectHideFlags: 0
  serializedVersion: 2
  m_Modification:
    m_TransformParent: {fileID: 0}
    m_Modifications:
    - target: {fileID: 431756, guid: cd8f44ff6ea01824abe6d3e03cb94481, type: 2}
      propertyPath: m_LocalPosition.x
      value: -12.3699999
      objectReference: {fileID: 0}
    - target: {fileID: 431756, guid: cd8f44ff6ea01824abe6d3e03cb94481, type: 2}
      propertyPath: m_LocalPosition.y
      value: -2.76999998
      objectReference: {fileID: 0}
    - target: {fileID: 431756, guid: cd8f44ff6ea01824abe6d3e03cb94481, type: 2}
      propertyPath: m_LocalPosition.z
      value: 0
      objectReference: {fileID: 0}
    - target: {fileID: 431756, guid: cd8f44ff6ea01824abe6d3e03cb94481, type: 2}
      propertyPath: m_LocalRotation.x
      value: 0
      objectReference: {fileID: 0}
    - target: {fileID: 431756, guid: cd8f44ff6ea01824abe6d3e03cb94481, type: 2}
      propertyPath: m_LocalRotation.y
      value: 0
      objectReference: {fileID: 0}
    - target: {fileID: 431756, guid: cd8f44ff6ea01824abe6d3e03cb94481, type: 2}
      propertyPath: m_LocalRotation.z
      value: 0
      objectReference: {fileID: 0}
    - target: {fileID: 431756, guid: cd8f44ff6ea01824abe6d3e03cb94481, type: 2}
      propertyPath: m_LocalRotation.w
      value: 1
      objectReference: {fileID: 0}
    - target: {fileID: 431756, guid: cd8f44ff6ea01824abe6d3e03cb94481, type: 2}
      propertyPath: m_RootOrder
      value: 1
      objectReference: {fileID: 0}
    - target: {fileID: 431756, guid: cd8f44ff6ea01824abe6d3e03cb94481, type: 2}
      propertyPath: m_LocalScale.y
      value: 3.81214976
      objectReference: {fileID: 0}
    - target: {fileID: 431756, guid: cd8f44ff6ea01824abe6d3e03cb94481, type: 2}
      propertyPath: m_LocalScale.x
      value: 16.5774288
      objectReference: {fileID: 0}
    m_RemovedComponents: []
  m_ParentPrefab: {fileID: 100100000, guid: cd8f44ff6ea01824abe6d3e03cb94481, type: 2}
  m_RootGameObject: {fileID: 1608292849}
  m_IsPrefabParent: 0
  m_IsExploded: 1
--- !u!1 &1608292849
GameObject:
  m_ObjectHideFlags: 0
  m_PrefabParentObject: {fileID: 131756, guid: cd8f44ff6ea01824abe6d3e03cb94481, type: 2}
  m_PrefabInternal: {fileID: 1604746984}
  serializedVersion: 4
  m_Component:
  - 4: {fileID: 1608292854}
  - 33: {fileID: 1608292853}
  - 23: {fileID: 1608292852}
  - 61: {fileID: 1608292850}
  m_Layer: 11
  m_Name: Wall
  m_TagString: Untagged
  m_Icon: {fileID: 0}
  m_NavMeshLayer: 0
  m_StaticEditorFlags: 4294967295
  m_IsActive: 1
--- !u!61 &1608292850
BoxCollider2D:
  m_ObjectHideFlags: 0
  m_PrefabParentObject: {fileID: 6131756, guid: cd8f44ff6ea01824abe6d3e03cb94481,
    type: 2}
  m_PrefabInternal: {fileID: 1604746984}
  m_GameObject: {fileID: 1608292849}
  m_Enabled: 1
  m_Material: {fileID: 6200000, guid: 0f9601490b0445449bf8c8bf05de79fe, type: 2}
  m_IsTrigger: 0
  m_Size: {x: 1, y: 1}
  m_Center: {x: 0, y: 0}
--- !u!23 &1608292852
Renderer:
  m_ObjectHideFlags: 0
  m_PrefabParentObject: {fileID: 2331756, guid: cd8f44ff6ea01824abe6d3e03cb94481,
    type: 2}
  m_PrefabInternal: {fileID: 1604746984}
  m_GameObject: {fileID: 1608292849}
  m_Enabled: 1
  m_CastShadows: 1
  m_ReceiveShadows: 1
  m_LightmapIndex: 255
  m_LightmapTilingOffset: {x: 1, y: 1, z: 0, w: 0}
  m_Materials:
  - {fileID: 2100000, guid: 2a5b7f433598a412b8130055a22f7620, type: 2}
  m_SubsetIndices: 
  m_StaticBatchRoot: {fileID: 0}
  m_UseLightProbes: 0
  m_LightProbeAnchor: {fileID: 0}
  m_ScaleInLightmap: 1
  m_SortingLayerID: 0
  m_SortingOrder: 0
--- !u!33 &1608292853
MeshFilter:
  m_ObjectHideFlags: 0
  m_PrefabParentObject: {fileID: 3331756, guid: cd8f44ff6ea01824abe6d3e03cb94481,
    type: 2}
  m_PrefabInternal: {fileID: 1604746984}
  m_GameObject: {fileID: 1608292849}
  m_Mesh: {fileID: 4300000, guid: 582e4a305ed745542b5339002232ab25, type: 3}
--- !u!4 &1608292854
Transform:
  m_ObjectHideFlags: 0
  m_PrefabParentObject: {fileID: 431756, guid: cd8f44ff6ea01824abe6d3e03cb94481, type: 2}
  m_PrefabInternal: {fileID: 1604746984}
  m_GameObject: {fileID: 1608292849}
  m_LocalRotation: {x: 0, y: 0, z: 0, w: 1}
  m_LocalPosition: {x: -12.3699999, y: -2.76999998, z: 0}
  m_LocalScale: {x: 16.5774288, y: 3.81214976, z: 3}
  m_Children: []
  m_Father: {fileID: 0}
  m_RootOrder: 2
--- !u!1001 &1609723588
Prefab:
  m_ObjectHideFlags: 0
  serializedVersion: 2
  m_Modification:
    m_TransformParent: {fileID: 0}
    m_Modifications:
    - target: {fileID: 472314, guid: 5eacff4480080ff4c9f09e283a6edb01, type: 2}
      propertyPath: m_LocalPosition.x
      value: 10.5449047
      objectReference: {fileID: 0}
    - target: {fileID: 472314, guid: 5eacff4480080ff4c9f09e283a6edb01, type: 2}
      propertyPath: m_LocalPosition.y
      value: -.2594347
      objectReference: {fileID: 0}
    - target: {fileID: 472314, guid: 5eacff4480080ff4c9f09e283a6edb01, type: 2}
      propertyPath: m_LocalPosition.z
      value: -.00304079056
      objectReference: {fileID: 0}
    - target: {fileID: 472314, guid: 5eacff4480080ff4c9f09e283a6edb01, type: 2}
      propertyPath: m_LocalRotation.x
      value: 0
      objectReference: {fileID: 0}
    - target: {fileID: 472314, guid: 5eacff4480080ff4c9f09e283a6edb01, type: 2}
      propertyPath: m_LocalRotation.y
      value: 0
      objectReference: {fileID: 0}
    - target: {fileID: 472314, guid: 5eacff4480080ff4c9f09e283a6edb01, type: 2}
      propertyPath: m_LocalRotation.z
      value: 0
      objectReference: {fileID: 0}
    - target: {fileID: 472314, guid: 5eacff4480080ff4c9f09e283a6edb01, type: 2}
      propertyPath: m_LocalRotation.w
      value: 1
      objectReference: {fileID: 0}
    - target: {fileID: 472314, guid: 5eacff4480080ff4c9f09e283a6edb01, type: 2}
      propertyPath: m_RootOrder
      value: 4
      objectReference: {fileID: 0}
    m_RemovedComponents: []
  m_ParentPrefab: {fileID: 100100000, guid: 5eacff4480080ff4c9f09e283a6edb01, type: 2}
  m_RootGameObject: {fileID: 1686777787}
  m_IsPrefabParent: 0
  m_IsExploded: 1
--- !u!1 &1622427512
GameObject:
  m_ObjectHideFlags: 0
  m_PrefabParentObject: {fileID: 131756, guid: cd8f44ff6ea01824abe6d3e03cb94481, type: 2}
  m_PrefabInternal: {fileID: 1927460602}
  serializedVersion: 4
  m_Component:
  - 4: {fileID: 1622427516}
  - 33: {fileID: 1622427515}
  - 23: {fileID: 1622427514}
  - 61: {fileID: 1622427513}
  m_Layer: 11
  m_Name: Wall
  m_TagString: Untagged
  m_Icon: {fileID: 0}
  m_NavMeshLayer: 0
  m_StaticEditorFlags: 4294967295
  m_IsActive: 1
--- !u!61 &1622427513
BoxCollider2D:
  m_ObjectHideFlags: 0
  m_PrefabParentObject: {fileID: 6131756, guid: cd8f44ff6ea01824abe6d3e03cb94481,
    type: 2}
  m_PrefabInternal: {fileID: 1927460602}
  m_GameObject: {fileID: 1622427512}
  m_Enabled: 1
  m_Material: {fileID: 6200000, guid: 0f9601490b0445449bf8c8bf05de79fe, type: 2}
  m_IsTrigger: 0
  m_Size: {x: 1, y: 1}
  m_Center: {x: 0, y: 0}
--- !u!23 &1622427514
Renderer:
  m_ObjectHideFlags: 0
  m_PrefabParentObject: {fileID: 2331756, guid: cd8f44ff6ea01824abe6d3e03cb94481,
    type: 2}
  m_PrefabInternal: {fileID: 1927460602}
  m_GameObject: {fileID: 1622427512}
  m_Enabled: 1
  m_CastShadows: 1
  m_ReceiveShadows: 1
  m_LightmapIndex: 255
  m_LightmapTilingOffset: {x: 1, y: 1, z: 0, w: 0}
  m_Materials:
  - {fileID: 2100000, guid: 2a5b7f433598a412b8130055a22f7620, type: 2}
  m_SubsetIndices: 
  m_StaticBatchRoot: {fileID: 0}
  m_UseLightProbes: 0
  m_LightProbeAnchor: {fileID: 0}
  m_ScaleInLightmap: 1
  m_SortingLayerID: 0
  m_SortingOrder: 0
--- !u!33 &1622427515
MeshFilter:
  m_ObjectHideFlags: 0
  m_PrefabParentObject: {fileID: 3331756, guid: cd8f44ff6ea01824abe6d3e03cb94481,
    type: 2}
  m_PrefabInternal: {fileID: 1927460602}
  m_GameObject: {fileID: 1622427512}
  m_Mesh: {fileID: 4300000, guid: 582e4a305ed745542b5339002232ab25, type: 3}
--- !u!4 &1622427516
Transform:
  m_ObjectHideFlags: 0
  m_PrefabParentObject: {fileID: 431756, guid: cd8f44ff6ea01824abe6d3e03cb94481, type: 2}
  m_PrefabInternal: {fileID: 1927460602}
  m_GameObject: {fileID: 1622427512}
  m_LocalRotation: {x: 0, y: 0, z: 0, w: 1}
  m_LocalPosition: {x: 9.35000038, y: -5.03000021, z: 0}
  m_LocalScale: {x: 6.18661547, y: 6.92104626, z: 3}
  m_Children: []
  m_Father: {fileID: 0}
  m_RootOrder: 9
--- !u!1 &1686777787
GameObject:
  m_ObjectHideFlags: 0
  m_PrefabParentObject: {fileID: 172314, guid: 5eacff4480080ff4c9f09e283a6edb01, type: 2}
  m_PrefabInternal: {fileID: 1609723588}
  serializedVersion: 4
  m_Component:
  - 4: {fileID: 1686777791}
  - 33: {fileID: 1686777790}
  - 23: {fileID: 1686777789}
  - 61: {fileID: 1686777788}
  - 198: {fileID: 1686777793}
  - 199: {fileID: 1686777792}
  m_Layer: 13
  m_Name: Finish
  m_TagString: Untagged
  m_Icon: {fileID: 0}
  m_NavMeshLayer: 0
  m_StaticEditorFlags: 4294967295
  m_IsActive: 1
--- !u!61 &1686777788
BoxCollider2D:
  m_ObjectHideFlags: 0
  m_PrefabParentObject: {fileID: 6172314, guid: 5eacff4480080ff4c9f09e283a6edb01,
    type: 2}
  m_PrefabInternal: {fileID: 1609723588}
  m_GameObject: {fileID: 1686777787}
  m_Enabled: 1
  m_Material: {fileID: 6200000, guid: 0f9601490b0445449bf8c8bf05de79fe, type: 2}
  m_IsTrigger: 1
  m_Size: {x: .5, y: .5}
  m_Center: {x: 0, y: 0}
--- !u!23 &1686777789
Renderer:
  m_ObjectHideFlags: 0
  m_PrefabParentObject: {fileID: 2372314, guid: 5eacff4480080ff4c9f09e283a6edb01,
    type: 2}
  m_PrefabInternal: {fileID: 1609723588}
  m_GameObject: {fileID: 1686777787}
  m_Enabled: 1
  m_CastShadows: 1
  m_ReceiveShadows: 1
  m_LightmapIndex: 255
  m_LightmapTilingOffset: {x: 1, y: 1, z: 0, w: 0}
  m_Materials:
  - {fileID: 2100000, guid: bbbec2c2967bfa84a9a6ba750da4733e, type: 2}
  m_SubsetIndices: 
  m_StaticBatchRoot: {fileID: 0}
  m_UseLightProbes: 0
  m_LightProbeAnchor: {fileID: 0}
  m_ScaleInLightmap: 1
  m_SortingLayerID: 0
  m_SortingOrder: 0
--- !u!33 &1686777790
MeshFilter:
  m_ObjectHideFlags: 0
  m_PrefabParentObject: {fileID: 3372314, guid: 5eacff4480080ff4c9f09e283a6edb01,
    type: 2}
  m_PrefabInternal: {fileID: 1609723588}
  m_GameObject: {fileID: 1686777787}
  m_Mesh: {fileID: 10210, guid: 0000000000000000e000000000000000, type: 0}
--- !u!4 &1686777791
Transform:
  m_ObjectHideFlags: 0
  m_PrefabParentObject: {fileID: 472314, guid: 5eacff4480080ff4c9f09e283a6edb01, type: 2}
  m_PrefabInternal: {fileID: 1609723588}
  m_GameObject: {fileID: 1686777787}
  m_LocalRotation: {x: 0, y: 0, z: 0, w: 1}
  m_LocalPosition: {x: 10.5449047, y: -.2594347, z: -.00304079056}
  m_LocalScale: {x: 1.55223894, y: 1.55223966, z: 1.55223966}
  m_Children: []
  m_Father: {fileID: 0}
  m_RootOrder: 4
--- !u!199 &1686777792
ParticleSystemRenderer:
  m_ObjectHideFlags: 0
  m_PrefabParentObject: {fileID: 19984286, guid: 5eacff4480080ff4c9f09e283a6edb01,
    type: 2}
  m_PrefabInternal: {fileID: 1609723588}
  m_GameObject: {fileID: 1686777787}
  m_Enabled: 1
  m_CastShadows: 1
  m_ReceiveShadows: 1
  m_LightmapIndex: 255
  m_LightmapTilingOffset: {x: 1, y: 1, z: 0, w: 0}
  m_Materials:
  - {fileID: 10301, guid: 0000000000000000f000000000000000, type: 0}
  m_SubsetIndices: 
  m_StaticBatchRoot: {fileID: 0}
  m_UseLightProbes: 0
  m_LightProbeAnchor: {fileID: 0}
  m_ScaleInLightmap: 1
  m_SortingLayerID: 0
  m_SortingOrder: 0
  m_RenderMode: 1
  m_MaxParticleSize: .5
  m_CameraVelocityScale: 0
  m_VelocityScale: 0
  m_LengthScale: -2
  m_SortingFudge: 0
  m_NormalDirection: 1
  m_SortMode: 0
  m_Mesh: {fileID: 0}
  m_Mesh1: {fileID: 0}
  m_Mesh2: {fileID: 0}
  m_Mesh3: {fileID: 0}
--- !u!198 &1686777793
ParticleSystem:
  m_ObjectHideFlags: 0
  m_PrefabParentObject: {fileID: 19884286, guid: 5eacff4480080ff4c9f09e283a6edb01,
    type: 2}
  m_PrefabInternal: {fileID: 1609723588}
  m_GameObject: {fileID: 1686777787}
  lengthInSec: 5
  startDelay: 0
  speed: 1
  randomSeed: 0
  looping: 1
  prewarm: 0
  playOnAwake: 1
  moveWithTransform: 1
  InitialModule:
    enabled: 1
    startLifetime:
      scalar: .5
      maxCurve:
        serializedVersion: 2
        m_Curve:
        - time: 0
          value: 1
          inSlope: 0
          outSlope: 0
          tangentMode: 0
        m_PreInfinity: 2
        m_PostInfinity: 2
      minCurve:
        serializedVersion: 2
        m_Curve:
        - time: 0
          value: .800000012
          inSlope: 0
          outSlope: 0
          tangentMode: 0
        m_PreInfinity: 2
        m_PostInfinity: 2
      minMaxState: 3
    startSpeed:
      scalar: -1
      maxCurve:
        serializedVersion: 2
        m_Curve:
        - time: 0
          value: 1
          inSlope: 0
          outSlope: 0
          tangentMode: 0
        - time: 1
          value: 1
          inSlope: 0
          outSlope: 0
          tangentMode: 0
        m_PreInfinity: 2
        m_PostInfinity: 2
      minCurve:
        serializedVersion: 2
        m_Curve:
        - time: 0
          value: 0
          inSlope: 0
          outSlope: 0
          tangentMode: 0
        - time: 1
          value: 0
          inSlope: 0
          outSlope: 0
          tangentMode: 0
        m_PreInfinity: 2
        m_PostInfinity: 2
      minMaxState: 0
    startColor:
      maxGradient:
        key0:
          serializedVersion: 2
          rgba: 4294967295
        key1:
          serializedVersion: 2
          rgba: 4294967295
        key2:
          serializedVersion: 2
          rgba: 0
        key3:
          serializedVersion: 2
          rgba: 0
        key4:
          serializedVersion: 2
          rgba: 0
        key5:
          serializedVersion: 2
          rgba: 0
        key6:
          serializedVersion: 2
          rgba: 0
        key7:
          serializedVersion: 2
          rgba: 0
        ctime0: 0
        ctime1: 65535
        ctime2: 0
        ctime3: 0
        ctime4: 0
        ctime5: 0
        ctime6: 0
        ctime7: 0
        atime0: 0
        atime1: 65535
        atime2: 0
        atime3: 0
        atime4: 0
        atime5: 0
        atime6: 0
        atime7: 0
        m_NumColorKeys: 2
        m_NumAlphaKeys: 2
      minGradient:
        key0:
          serializedVersion: 2
          rgba: 4294967295
        key1:
          serializedVersion: 2
          rgba: 4294967295
        key2:
          serializedVersion: 2
          rgba: 0
        key3:
          serializedVersion: 2
          rgba: 0
        key4:
          serializedVersion: 2
          rgba: 0
        key5:
          serializedVersion: 2
          rgba: 0
        key6:
          serializedVersion: 2
          rgba: 0
        key7:
          serializedVersion: 2
          rgba: 0
        ctime0: 0
        ctime1: 65535
        ctime2: 0
        ctime3: 0
        ctime4: 0
        ctime5: 0
        ctime6: 0
        ctime7: 0
        atime0: 0
        atime1: 65535
        atime2: 0
        atime3: 0
        atime4: 0
        atime5: 0
        atime6: 0
        atime7: 0
        m_NumColorKeys: 2
        m_NumAlphaKeys: 2
      minColor:
        serializedVersion: 2
        rgba: 4294967295
      maxColor:
        serializedVersion: 2
        rgba: 4294967295
      minMaxState: 0
    startSize:
      scalar: .200000003
      maxCurve:
        serializedVersion: 2
        m_Curve:
        - time: 0
          value: 1
          inSlope: 0
          outSlope: 0
          tangentMode: 0
        - time: 1
          value: 1
          inSlope: 0
          outSlope: 0
          tangentMode: 0
        m_PreInfinity: 2
        m_PostInfinity: 2
      minCurve:
        serializedVersion: 2
        m_Curve:
        - time: 0
          value: 0
          inSlope: 0
          outSlope: 0
          tangentMode: 0
        - time: 1
          value: 0
          inSlope: 0
          outSlope: 0
          tangentMode: 0
        m_PreInfinity: 2
        m_PostInfinity: 2
      minMaxState: 0
    startRotation:
      scalar: 0
      maxCurve:
        serializedVersion: 2
        m_Curve:
        - time: 0
          value: 1
          inSlope: 0
          outSlope: 0
          tangentMode: 0
        - time: 1
          value: 1
          inSlope: 0
          outSlope: 0
          tangentMode: 0
        m_PreInfinity: 2
        m_PostInfinity: 2
      minCurve:
        serializedVersion: 2
        m_Curve:
        - time: 0
          value: 0
          inSlope: 0
          outSlope: 0
          tangentMode: 0
        - time: 1
          value: 0
          inSlope: 0
          outSlope: 0
          tangentMode: 0
        m_PreInfinity: 2
        m_PostInfinity: 2
      minMaxState: 0
    gravityModifier: 0
    inheritVelocity: 0
    maxNumParticles: 1000
  ShapeModule:
    serializedVersion: 2
    enabled: 1
    type: 7
    radius: .400000006
    angle: 90
    length: 5
    boxX: 1
    boxY: 1
    boxZ: 1
    placementMode: 0
    m_Mesh: {fileID: 0}
    randomDirection: 0
  EmissionModule:
    enabled: 1
    m_Type: 0
    rate:
      scalar: 100
      maxCurve:
        serializedVersion: 2
        m_Curve:
        - time: 0
          value: 1
          inSlope: 0
          outSlope: 0
          tangentMode: 0
        - time: 1
          value: 1
          inSlope: 0
          outSlope: 0
          tangentMode: 0
        m_PreInfinity: 2
        m_PostInfinity: 2
      minCurve:
        serializedVersion: 2
        m_Curve:
        - time: 0
          value: 0
          inSlope: 0
          outSlope: 0
          tangentMode: 0
        - time: 1
          value: 0
          inSlope: 0
          outSlope: 0
          tangentMode: 0
        m_PreInfinity: 2
        m_PostInfinity: 2
      minMaxState: 0
    cnt0: 30
    cnt1: 30
    cnt2: 30
    cnt3: 30
    time0: 0
    time1: 0
    time2: 0
    time3: 0
    m_BurstCount: 0
  SizeModule:
    enabled: 1
    curve:
      scalar: 1
      maxCurve:
        serializedVersion: 2
        m_Curve:
        - time: 0
          value: 1
          inSlope: -1
          outSlope: -1
          tangentMode: 10
        - time: 1
          value: 0
          inSlope: -1
          outSlope: -1
          tangentMode: 10
        m_PreInfinity: 2
        m_PostInfinity: 2
      minCurve:
        serializedVersion: 2
        m_Curve:
        - time: 0
          value: 0
          inSlope: 0
          outSlope: 0
          tangentMode: 0
        - time: 1
          value: 0
          inSlope: 0
          outSlope: 0
          tangentMode: 0
        m_PreInfinity: 2
        m_PostInfinity: 2
      minMaxState: 1
  RotationModule:
    enabled: 0
    curve:
      scalar: .785398185
      maxCurve:
        serializedVersion: 2
        m_Curve:
        - time: 0
          value: 1
          inSlope: 0
          outSlope: 0
          tangentMode: 0
        - time: 1
          value: 1
          inSlope: 0
          outSlope: 0
          tangentMode: 0
        m_PreInfinity: 2
        m_PostInfinity: 2
      minCurve:
        serializedVersion: 2
        m_Curve:
        - time: 0
          value: 0
          inSlope: 0
          outSlope: 0
          tangentMode: 0
        - time: 1
          value: 0
          inSlope: 0
          outSlope: 0
          tangentMode: 0
        m_PreInfinity: 2
        m_PostInfinity: 2
      minMaxState: 0
  ColorModule:
    enabled: 1
    gradient:
      maxGradient:
        key0:
          serializedVersion: 2
          rgba: 16777215
        key1:
          serializedVersion: 2
          rgba: 4294967295
        key2:
          serializedVersion: 2
          rgba: 0
        key3:
          serializedVersion: 2
          rgba: 0
        key4:
          serializedVersion: 2
          rgba: 0
        key5:
          serializedVersion: 2
          rgba: 0
        key6:
          serializedVersion: 2
          rgba: 0
        key7:
          serializedVersion: 2
          rgba: 0
        ctime0: 0
        ctime1: 65535
        ctime2: 0
        ctime3: 0
        ctime4: 0
        ctime5: 0
        ctime6: 0
        ctime7: 0
        atime0: 0
        atime1: 65535
        atime2: 65535
        atime3: 0
        atime4: 0
        atime5: 0
        atime6: 0
        atime7: 0
        m_NumColorKeys: 2
        m_NumAlphaKeys: 2
      minGradient:
        key0:
          serializedVersion: 2
          rgba: 4294967295
        key1:
          serializedVersion: 2
          rgba: 4294967295
        key2:
          serializedVersion: 2
          rgba: 0
        key3:
          serializedVersion: 2
          rgba: 0
        key4:
          serializedVersion: 2
          rgba: 0
        key5:
          serializedVersion: 2
          rgba: 0
        key6:
          serializedVersion: 2
          rgba: 0
        key7:
          serializedVersion: 2
          rgba: 0
        ctime0: 0
        ctime1: 65535
        ctime2: 0
        ctime3: 0
        ctime4: 0
        ctime5: 0
        ctime6: 0
        ctime7: 0
        atime0: 0
        atime1: 65535
        atime2: 0
        atime3: 0
        atime4: 0
        atime5: 0
        atime6: 0
        atime7: 0
        m_NumColorKeys: 2
        m_NumAlphaKeys: 2
      minColor:
        serializedVersion: 2
        rgba: 4294967295
      maxColor:
        serializedVersion: 2
        rgba: 4294967295
      minMaxState: 1
  UVModule:
    enabled: 0
    frameOverTime:
      scalar: 1
      maxCurve:
        serializedVersion: 2
        m_Curve:
        - time: 0
          value: 0
          inSlope: 0
          outSlope: 1
          tangentMode: 0
        - time: 1
          value: 1
          inSlope: 1
          outSlope: 0
          tangentMode: 0
        m_PreInfinity: 2
        m_PostInfinity: 2
      minCurve:
        serializedVersion: 2
        m_Curve:
        - time: 0
          value: 0
          inSlope: 0
          outSlope: 1
          tangentMode: 0
        - time: 1
          value: 1
          inSlope: 1
          outSlope: 0
          tangentMode: 0
        m_PreInfinity: 2
        m_PostInfinity: 2
      minMaxState: 1
    tilesX: 1
    tilesY: 1
    animationType: 0
    rowIndex: 0
    cycles: 1
    randomRow: 1
  VelocityModule:
    enabled: 0
    x:
      scalar: 0
      maxCurve:
        serializedVersion: 2
        m_Curve:
        - time: 0
          value: 1
          inSlope: 0
          outSlope: 0
          tangentMode: 0
        - time: 1
          value: 1
          inSlope: 0
          outSlope: 0
          tangentMode: 0
        m_PreInfinity: 2
        m_PostInfinity: 2
      minCurve:
        serializedVersion: 2
        m_Curve:
        - time: 0
          value: 0
          inSlope: 0
          outSlope: 0
          tangentMode: 0
        - time: 1
          value: 0
          inSlope: 0
          outSlope: 0
          tangentMode: 0
        m_PreInfinity: 2
        m_PostInfinity: 2
      minMaxState: 0
    y:
      scalar: 0
      maxCurve:
        serializedVersion: 2
        m_Curve:
        - time: 0
          value: 1
          inSlope: 0
          outSlope: 0
          tangentMode: 0
        - time: 1
          value: 1
          inSlope: 0
          outSlope: 0
          tangentMode: 0
        m_PreInfinity: 2
        m_PostInfinity: 2
      minCurve:
        serializedVersion: 2
        m_Curve:
        - time: 0
          value: 0
          inSlope: 0
          outSlope: 0
          tangentMode: 0
        - time: 1
          value: 0
          inSlope: 0
          outSlope: 0
          tangentMode: 0
        m_PreInfinity: 2
        m_PostInfinity: 2
      minMaxState: 0
    z:
      scalar: 0
      maxCurve:
        serializedVersion: 2
        m_Curve:
        - time: 0
          value: 1
          inSlope: 0
          outSlope: 0
          tangentMode: 0
        - time: 1
          value: 1
          inSlope: 0
          outSlope: 0
          tangentMode: 0
        m_PreInfinity: 2
        m_PostInfinity: 2
      minCurve:
        serializedVersion: 2
        m_Curve:
        - time: 0
          value: 0
          inSlope: 0
          outSlope: 0
          tangentMode: 0
        - time: 1
          value: 0
          inSlope: 0
          outSlope: 0
          tangentMode: 0
        m_PreInfinity: 2
        m_PostInfinity: 2
      minMaxState: 0
    inWorldSpace: 0
  ForceModule:
    enabled: 0
    x:
      scalar: 0
      maxCurve:
        serializedVersion: 2
        m_Curve:
        - time: 0
          value: 1
          inSlope: 0
          outSlope: 0
          tangentMode: 0
        - time: 1
          value: 1
          inSlope: 0
          outSlope: 0
          tangentMode: 0
        m_PreInfinity: 2
        m_PostInfinity: 2
      minCurve:
        serializedVersion: 2
        m_Curve:
        - time: 0
          value: 0
          inSlope: 0
          outSlope: 0
          tangentMode: 0
        - time: 1
          value: 0
          inSlope: 0
          outSlope: 0
          tangentMode: 0
        m_PreInfinity: 2
        m_PostInfinity: 2
      minMaxState: 0
    y:
      scalar: 0
      maxCurve:
        serializedVersion: 2
        m_Curve:
        - time: 0
          value: 1
          inSlope: 0
          outSlope: 0
          tangentMode: 0
        - time: 1
          value: 1
          inSlope: 0
          outSlope: 0
          tangentMode: 0
        m_PreInfinity: 2
        m_PostInfinity: 2
      minCurve:
        serializedVersion: 2
        m_Curve:
        - time: 0
          value: 0
          inSlope: 0
          outSlope: 0
          tangentMode: 0
        - time: 1
          value: 0
          inSlope: 0
          outSlope: 0
          tangentMode: 0
        m_PreInfinity: 2
        m_PostInfinity: 2
      minMaxState: 0
    z:
      scalar: 0
      maxCurve:
        serializedVersion: 2
        m_Curve:
        - time: 0
          value: 1
          inSlope: 0
          outSlope: 0
          tangentMode: 0
        - time: 1
          value: 1
          inSlope: 0
          outSlope: 0
          tangentMode: 0
        m_PreInfinity: 2
        m_PostInfinity: 2
      minCurve:
        serializedVersion: 2
        m_Curve:
        - time: 0
          value: 0
          inSlope: 0
          outSlope: 0
          tangentMode: 0
        - time: 1
          value: 0
          inSlope: 0
          outSlope: 0
          tangentMode: 0
        m_PreInfinity: 2
        m_PostInfinity: 2
      minMaxState: 0
    inWorldSpace: 0
    randomizePerFrame: 0
  ExternalForcesModule:
    enabled: 0
    multiplier: 1
  ClampVelocityModule:
    enabled: 0
    x:
      scalar: 1
      maxCurve:
        serializedVersion: 2
        m_Curve:
        - time: 0
          value: 1
          inSlope: 0
          outSlope: 0
          tangentMode: 0
        - time: 1
          value: 1
          inSlope: 0
          outSlope: 0
          tangentMode: 0
        m_PreInfinity: 2
        m_PostInfinity: 2
      minCurve:
        serializedVersion: 2
        m_Curve:
        - time: 0
          value: 0
          inSlope: 0
          outSlope: 0
          tangentMode: 0
        - time: 1
          value: 0
          inSlope: 0
          outSlope: 0
          tangentMode: 0
        m_PreInfinity: 2
        m_PostInfinity: 2
      minMaxState: 0
    y:
      scalar: 1
      maxCurve:
        serializedVersion: 2
        m_Curve:
        - time: 0
          value: 1
          inSlope: 0
          outSlope: 0
          tangentMode: 0
        - time: 1
          value: 1
          inSlope: 0
          outSlope: 0
          tangentMode: 0
        m_PreInfinity: 2
        m_PostInfinity: 2
      minCurve:
        serializedVersion: 2
        m_Curve:
        - time: 0
          value: 0
          inSlope: 0
          outSlope: 0
          tangentMode: 0
        - time: 1
          value: 0
          inSlope: 0
          outSlope: 0
          tangentMode: 0
        m_PreInfinity: 2
        m_PostInfinity: 2
      minMaxState: 0
    z:
      scalar: 1
      maxCurve:
        serializedVersion: 2
        m_Curve:
        - time: 0
          value: 1
          inSlope: 0
          outSlope: 0
          tangentMode: 0
        - time: 1
          value: 1
          inSlope: 0
          outSlope: 0
          tangentMode: 0
        m_PreInfinity: 2
        m_PostInfinity: 2
      minCurve:
        serializedVersion: 2
        m_Curve:
        - time: 0
          value: 0
          inSlope: 0
          outSlope: 0
          tangentMode: 0
        - time: 1
          value: 0
          inSlope: 0
          outSlope: 0
          tangentMode: 0
        m_PreInfinity: 2
        m_PostInfinity: 2
      minMaxState: 0
    magnitude:
      scalar: 1
      maxCurve:
        serializedVersion: 2
        m_Curve:
        - time: 0
          value: 1
          inSlope: 0
          outSlope: 0
          tangentMode: 0
        - time: 1
          value: 1
          inSlope: 0
          outSlope: 0
          tangentMode: 0
        m_PreInfinity: 2
        m_PostInfinity: 2
      minCurve:
        serializedVersion: 2
        m_Curve:
        - time: 0
          value: 0
          inSlope: 0
          outSlope: 0
          tangentMode: 0
        - time: 1
          value: 0
          inSlope: 0
          outSlope: 0
          tangentMode: 0
        m_PreInfinity: 2
        m_PostInfinity: 2
      minMaxState: 0
    separateAxis: 0
    inWorldSpace: 0
    dampen: 1
  SizeBySpeedModule:
    enabled: 0
    curve:
      scalar: 1
      maxCurve:
        serializedVersion: 2
        m_Curve:
        - time: 0
          value: 1
          inSlope: 0
          outSlope: 0
          tangentMode: 0
        - time: 1
          value: 1
          inSlope: 0
          outSlope: 0
          tangentMode: 0
        m_PreInfinity: 2
        m_PostInfinity: 2
      minCurve:
        serializedVersion: 2
        m_Curve:
        - time: 0
          value: 0
          inSlope: 0
          outSlope: 0
          tangentMode: 0
        - time: 1
          value: 0
          inSlope: 0
          outSlope: 0
          tangentMode: 0
        m_PreInfinity: 2
        m_PostInfinity: 2
      minMaxState: 1
    range: {x: 0, y: 1}
  RotationBySpeedModule:
    enabled: 0
    curve:
      scalar: .785398185
      maxCurve:
        serializedVersion: 2
        m_Curve:
        - time: 0
          value: 1
          inSlope: 0
          outSlope: 0
          tangentMode: 0
        - time: 1
          value: 1
          inSlope: 0
          outSlope: 0
          tangentMode: 0
        m_PreInfinity: 2
        m_PostInfinity: 2
      minCurve:
        serializedVersion: 2
        m_Curve:
        - time: 0
          value: 0
          inSlope: 0
          outSlope: 0
          tangentMode: 0
        - time: 1
          value: 0
          inSlope: 0
          outSlope: 0
          tangentMode: 0
        m_PreInfinity: 2
        m_PostInfinity: 2
      minMaxState: 0
    range: {x: 0, y: 1}
  ColorBySpeedModule:
    enabled: 0
    gradient:
      maxGradient:
        key0:
          serializedVersion: 2
          rgba: 4294967295
        key1:
          serializedVersion: 2
          rgba: 4294967295
        key2:
          serializedVersion: 2
          rgba: 0
        key3:
          serializedVersion: 2
          rgba: 0
        key4:
          serializedVersion: 2
          rgba: 0
        key5:
          serializedVersion: 2
          rgba: 0
        key6:
          serializedVersion: 2
          rgba: 0
        key7:
          serializedVersion: 2
          rgba: 0
        ctime0: 0
        ctime1: 65535
        ctime2: 0
        ctime3: 0
        ctime4: 0
        ctime5: 0
        ctime6: 0
        ctime7: 0
        atime0: 0
        atime1: 65535
        atime2: 0
        atime3: 0
        atime4: 0
        atime5: 0
        atime6: 0
        atime7: 0
        m_NumColorKeys: 2
        m_NumAlphaKeys: 2
      minGradient:
        key0:
          serializedVersion: 2
          rgba: 4294967295
        key1:
          serializedVersion: 2
          rgba: 4294967295
        key2:
          serializedVersion: 2
          rgba: 0
        key3:
          serializedVersion: 2
          rgba: 0
        key4:
          serializedVersion: 2
          rgba: 0
        key5:
          serializedVersion: 2
          rgba: 0
        key6:
          serializedVersion: 2
          rgba: 0
        key7:
          serializedVersion: 2
          rgba: 0
        ctime0: 0
        ctime1: 65535
        ctime2: 0
        ctime3: 0
        ctime4: 0
        ctime5: 0
        ctime6: 0
        ctime7: 0
        atime0: 0
        atime1: 65535
        atime2: 0
        atime3: 0
        atime4: 0
        atime5: 0
        atime6: 0
        atime7: 0
        m_NumColorKeys: 2
        m_NumAlphaKeys: 2
      minColor:
        serializedVersion: 2
        rgba: 4294967295
      maxColor:
        serializedVersion: 2
        rgba: 4294967295
      minMaxState: 1
    range: {x: 0, y: 1}
  CollisionModule:
    enabled: 0
    type: 0
    plane0: {fileID: 0}
    plane1: {fileID: 0}
    plane2: {fileID: 0}
    plane3: {fileID: 0}
    plane4: {fileID: 0}
    plane5: {fileID: 0}
    dampen: 0
    bounce: 1
    energyLossOnCollision: 0
    minKillSpeed: 0
    particleRadius: .00999999978
    collidesWith:
      serializedVersion: 2
      m_Bits: 4294967295
    quality: 0
    voxelSize: .5
    collisionMessages: 0
  SubModule:
    enabled: 0
    subEmitterBirth: {fileID: 0}
    subEmitterBirth1: {fileID: 0}
    subEmitterCollision: {fileID: 0}
    subEmitterCollision1: {fileID: 0}
    subEmitterDeath: {fileID: 0}
    subEmitterDeath1: {fileID: 0}
--- !u!1001 &1697882528
Prefab:
  m_ObjectHideFlags: 0
  serializedVersion: 2
  m_Modification:
    m_TransformParent: {fileID: 0}
    m_Modifications:
    - target: {fileID: 449902, guid: 83cc6a7b2e121451c84a3f40dec10bc3, type: 2}
      propertyPath: m_LocalPosition.x
      value: -2.78999996
      objectReference: {fileID: 0}
    - target: {fileID: 449902, guid: 83cc6a7b2e121451c84a3f40dec10bc3, type: 2}
      propertyPath: m_LocalPosition.y
      value: -4.36999989
      objectReference: {fileID: 0}
    - target: {fileID: 449902, guid: 83cc6a7b2e121451c84a3f40dec10bc3, type: 2}
      propertyPath: m_LocalPosition.z
      value: 1.77999997
      objectReference: {fileID: 0}
    - target: {fileID: 449902, guid: 83cc6a7b2e121451c84a3f40dec10bc3, type: 2}
      propertyPath: m_LocalRotation.x
      value: 0
      objectReference: {fileID: 0}
    - target: {fileID: 449902, guid: 83cc6a7b2e121451c84a3f40dec10bc3, type: 2}
      propertyPath: m_LocalRotation.y
      value: 0
      objectReference: {fileID: 0}
    - target: {fileID: 449902, guid: 83cc6a7b2e121451c84a3f40dec10bc3, type: 2}
      propertyPath: m_LocalRotation.z
      value: 0
      objectReference: {fileID: 0}
    - target: {fileID: 449902, guid: 83cc6a7b2e121451c84a3f40dec10bc3, type: 2}
      propertyPath: m_LocalRotation.w
      value: 1
      objectReference: {fileID: 0}
    - target: {fileID: 449902, guid: 83cc6a7b2e121451c84a3f40dec10bc3, type: 2}
      propertyPath: m_RootOrder
      value: 0
      objectReference: {fileID: 0}
    m_RemovedComponents: []
  m_ParentPrefab: {fileID: 100100000, guid: 83cc6a7b2e121451c84a3f40dec10bc3, type: 2}
  m_RootGameObject: {fileID: 2013869117}
  m_IsPrefabParent: 0
  m_IsExploded: 1
--- !u!1 &1720568587
GameObject:
  m_ObjectHideFlags: 0
  m_PrefabParentObject: {fileID: 197080, guid: b15f1953aad404041ba45f604d104b82, type: 2}
  m_PrefabInternal: {fileID: 287547869}
  serializedVersion: 4
  m_Component:
  - 4: {fileID: 1720568592}
  - 20: {fileID: 1720568591}
  - 92: {fileID: 1720568590}
  - 124: {fileID: 1720568589}
  - 81: {fileID: 1720568588}
  - 114: {fileID: 1720568593}
  m_Layer: 0
  m_Name: Main Camera
  m_TagString: MainCamera
  m_Icon: {fileID: 0}
  m_NavMeshLayer: 0
  m_StaticEditorFlags: 0
  m_IsActive: 1
--- !u!81 &1720568588
AudioListener:
  m_ObjectHideFlags: 0
  m_PrefabParentObject: {fileID: 8197062, guid: b15f1953aad404041ba45f604d104b82,
    type: 2}
  m_PrefabInternal: {fileID: 287547869}
  m_GameObject: {fileID: 1720568587}
  m_Enabled: 1
--- !u!124 &1720568589
Behaviour:
  m_ObjectHideFlags: 0
  m_PrefabParentObject: {fileID: 12497062, guid: b15f1953aad404041ba45f604d104b82,
    type: 2}
  m_PrefabInternal: {fileID: 287547869}
  m_GameObject: {fileID: 1720568587}
  m_Enabled: 1
--- !u!92 &1720568590
Behaviour:
  m_ObjectHideFlags: 0
  m_PrefabParentObject: {fileID: 9297062, guid: b15f1953aad404041ba45f604d104b82,
    type: 2}
  m_PrefabInternal: {fileID: 287547869}
  m_GameObject: {fileID: 1720568587}
  m_Enabled: 1
--- !u!20 &1720568591
Camera:
  m_ObjectHideFlags: 0
  m_PrefabParentObject: {fileID: 2097062, guid: b15f1953aad404041ba45f604d104b82,
    type: 2}
  m_PrefabInternal: {fileID: 287547869}
  m_GameObject: {fileID: 1720568587}
  m_Enabled: 1
  serializedVersion: 2
  m_ClearFlags: 1
  m_BackGroundColor: {r: .192156866, g: .301960796, b: .474509805, a: .0196078438}
  m_NormalizedViewPortRect:
    serializedVersion: 2
    x: 0
    y: 0
    width: 1
    height: 1
  near clip plane: .300000012
  far clip plane: 1000
  field of view: 70
  orthographic: 0
  orthographic size: 5
  m_Depth: -1
  m_CullingMask:
    serializedVersion: 2
    m_Bits: 4294967295
  m_RenderingPath: -1
  m_TargetTexture: {fileID: 0}
  m_TargetDisplay: 0
  m_HDR: 0
  m_OcclusionCulling: 1
  m_StereoConvergence: 10
  m_StereoSeparation: .0219999999
--- !u!4 &1720568592
Transform:
  m_ObjectHideFlags: 0
  m_PrefabParentObject: {fileID: 497076, guid: b15f1953aad404041ba45f604d104b82, type: 2}
  m_PrefabInternal: {fileID: 287547869}
  m_GameObject: {fileID: 1720568587}
  m_LocalRotation: {x: .1305262, y: 0, z: 0, w: .991444886}
  m_LocalPosition: {x: -6.6500001, y: -5.07999992, z: -8.31999969}
  m_LocalScale: {x: 1, y: 1, z: 1}
  m_Children: []
  m_Father: {fileID: 1441561482}
  m_RootOrder: 6
--- !u!114 &1720568593
MonoBehaviour:
  m_ObjectHideFlags: 0
  m_PrefabParentObject: {fileID: 11497084, guid: b15f1953aad404041ba45f604d104b82,
    type: 2}
  m_PrefabInternal: {fileID: 287547869}
  m_GameObject: {fileID: 1720568587}
  m_Enabled: 1
  m_EditorHideFlags: 0
  m_Script: {fileID: 11500000, guid: ffba62e2defe24e4dbd2c4ecca4026a3, type: 3}
  m_Name: 
  m_EditorClassIdentifier: 
--- !u!1 &1734744908
GameObject:
  m_ObjectHideFlags: 0
  m_PrefabParentObject: {fileID: 197072, guid: b15f1953aad404041ba45f604d104b82, type: 2}
  m_PrefabInternal: {fileID: 287547869}
  serializedVersion: 4
  m_Component:
  - 224: {fileID: 1734744912}
  - 223: {fileID: 1734744911}
  - 114: {fileID: 1734744910}
  - 114: {fileID: 1734744909}
  - 114: {fileID: 1734744913}
  m_Layer: 5
  m_Name: Canvas
  m_TagString: Untagged
  m_Icon: {fileID: 0}
  m_NavMeshLayer: 0
  m_StaticEditorFlags: 0
  m_IsActive: 1
--- !u!114 &1734744909
MonoBehaviour:
  m_ObjectHideFlags: 0
  m_PrefabParentObject: {fileID: 11497074, guid: b15f1953aad404041ba45f604d104b82,
    type: 2}
  m_PrefabInternal: {fileID: 287547869}
  m_GameObject: {fileID: 1734744908}
  m_Enabled: 1
  m_EditorHideFlags: 0
  m_Script: {fileID: 1301386320, guid: f5f67c52d1564df4a8936ccd202a3bd8, type: 3}
  m_Name: 
  m_EditorClassIdentifier: 
  ignoreReversedGraphics: 1
  blockingObjects: 0
  m_BlockingMask:
    serializedVersion: 2
    m_Bits: 4294967295
--- !u!114 &1734744910
MonoBehaviour:
  m_ObjectHideFlags: 0
  m_PrefabParentObject: {fileID: 11497076, guid: b15f1953aad404041ba45f604d104b82,
    type: 2}
  m_PrefabInternal: {fileID: 287547869}
  m_GameObject: {fileID: 1734744908}
  m_Enabled: 1
  m_EditorHideFlags: 0
  m_Script: {fileID: 1980459831, guid: f5f67c52d1564df4a8936ccd202a3bd8, type: 3}
  m_Name: 
  m_EditorClassIdentifier: 
  m_UiScaleMode: 0
  m_ReferencePixelsPerUnit: 100
  m_ScaleFactor: 1
  m_ReferenceResolution: {x: 800, y: 600}
  m_ScreenMatchMode: 0
  m_MatchWidthOrHeight: 0
  m_PhysicalUnit: 3
  m_FallbackScreenDPI: 96
  m_DefaultSpriteDPI: 96
  m_DynamicPixelsPerUnit: 1
--- !u!223 &1734744911
Canvas:
  m_ObjectHideFlags: 0
  m_PrefabParentObject: {fileID: 22397062, guid: b15f1953aad404041ba45f604d104b82,
    type: 2}
  m_PrefabInternal: {fileID: 287547869}
  m_GameObject: {fileID: 1734744908}
  m_Enabled: 1
  serializedVersion: 2
  m_RenderMode: 0
  m_Camera: {fileID: 0}
  m_PlaneDistance: 100
  m_PixelPerfect: 0
  m_ReceivesEvents: 1
  m_OverrideSorting: 0
  m_OverridePixelPerfect: 0
  m_SortingLayerID: 0
  m_SortingOrder: 0
--- !u!224 &1734744912
RectTransform:
  m_ObjectHideFlags: 0
  m_PrefabParentObject: {fileID: 22497064, guid: b15f1953aad404041ba45f604d104b82,
    type: 2}
  m_PrefabInternal: {fileID: 287547869}
  m_GameObject: {fileID: 1734744908}
  m_LocalRotation: {x: 0, y: 0, z: 0, w: 1}
  m_LocalPosition: {x: 0, y: 0, z: 0}
  m_LocalScale: {x: 0, y: 0, z: 0}
  m_Children:
  - {fileID: 1419432268}
  - {fileID: 1957377828}
  m_Father: {fileID: 1441561482}
  m_RootOrder: 2
  m_AnchorMin: {x: 0, y: 0}
  m_AnchorMax: {x: 0, y: 0}
  m_AnchoredPosition: {x: 0, y: 0}
  m_SizeDelta: {x: 0, y: 0}
  m_Pivot: {x: 0, y: 0}
--- !u!114 &1734744913
MonoBehaviour:
  m_ObjectHideFlags: 0
  m_PrefabParentObject: {fileID: 11402876, guid: b15f1953aad404041ba45f604d104b82,
    type: 2}
  m_PrefabInternal: {fileID: 287547869}
  m_GameObject: {fileID: 1734744908}
  m_Enabled: 1
  m_EditorHideFlags: 0
  m_Script: {fileID: 1392445389, guid: f5f67c52d1564df4a8936ccd202a3bd8, type: 3}
  m_Name: 
  m_EditorClassIdentifier: 
  m_Navigation:
    m_Mode: 3
    m_SelectOnUp: {fileID: 0}
    m_SelectOnDown: {fileID: 0}
    m_SelectOnLeft: {fileID: 0}
    m_SelectOnRight: {fileID: 0}
  m_Transition: 1
  m_Colors:
    m_NormalColor: {r: 1, g: 1, b: 1, a: 1}
    m_HighlightedColor: {r: .960784316, g: .960784316, b: .960784316, a: 1}
    m_PressedColor: {r: .784313738, g: .784313738, b: .784313738, a: 1}
    m_DisabledColor: {r: .784313738, g: .784313738, b: .784313738, a: .501960814}
    m_ColorMultiplier: 1
    m_FadeDuration: .100000001
  m_SpriteState:
    m_HighlightedSprite: {fileID: 0}
    m_PressedSprite: {fileID: 0}
    m_DisabledSprite: {fileID: 0}
  m_AnimationTriggers:
    m_NormalTrigger: Normal
    m_HighlightedTrigger: Highlighted
    m_PressedTrigger: Pressed
    m_DisabledTrigger: Disabled
  m_Interactable: 1
  m_TargetGraphic: {fileID: 0}
  m_OnClick:
    m_PersistentCalls:
      m_Calls: []
    m_TypeName: UnityEngine.UI.Button+ButtonClickedEvent, UnityEngine.UI, Version=1.0.0.0,
      Culture=neutral, PublicKeyToken=null
--- !u!1001 &1813776983
Prefab:
  m_ObjectHideFlags: 0
  serializedVersion: 2
  m_Modification:
    m_TransformParent: {fileID: 0}
    m_Modifications:
    - target: {fileID: 431756, guid: cd8f44ff6ea01824abe6d3e03cb94481, type: 2}
      propertyPath: m_LocalPosition.x
      value: -17.5599995
      objectReference: {fileID: 0}
    - target: {fileID: 431756, guid: cd8f44ff6ea01824abe6d3e03cb94481, type: 2}
      propertyPath: m_LocalPosition.y
      value: 3.74000001
      objectReference: {fileID: 0}
    - target: {fileID: 431756, guid: cd8f44ff6ea01824abe6d3e03cb94481, type: 2}
      propertyPath: m_LocalPosition.z
      value: 0
      objectReference: {fileID: 0}
    - target: {fileID: 431756, guid: cd8f44ff6ea01824abe6d3e03cb94481, type: 2}
      propertyPath: m_LocalRotation.x
      value: 0
      objectReference: {fileID: 0}
    - target: {fileID: 431756, guid: cd8f44ff6ea01824abe6d3e03cb94481, type: 2}
      propertyPath: m_LocalRotation.y
      value: 0
      objectReference: {fileID: 0}
    - target: {fileID: 431756, guid: cd8f44ff6ea01824abe6d3e03cb94481, type: 2}
      propertyPath: m_LocalRotation.z
      value: 0
      objectReference: {fileID: 0}
    - target: {fileID: 431756, guid: cd8f44ff6ea01824abe6d3e03cb94481, type: 2}
      propertyPath: m_LocalRotation.w
      value: 1
      objectReference: {fileID: 0}
    - target: {fileID: 431756, guid: cd8f44ff6ea01824abe6d3e03cb94481, type: 2}
      propertyPath: m_RootOrder
      value: 4
      objectReference: {fileID: 0}
    - target: {fileID: 431756, guid: cd8f44ff6ea01824abe6d3e03cb94481, type: 2}
      propertyPath: m_LocalScale.x
      value: 6.18661547
      objectReference: {fileID: 0}
    - target: {fileID: 431756, guid: cd8f44ff6ea01824abe6d3e03cb94481, type: 2}
      propertyPath: m_LocalScale.y
      value: 9.20972347
      objectReference: {fileID: 0}
    m_RemovedComponents: []
  m_ParentPrefab: {fileID: 100100000, guid: cd8f44ff6ea01824abe6d3e03cb94481, type: 2}
  m_RootGameObject: {fileID: 181866366}
  m_IsPrefabParent: 0
  m_IsExploded: 1
--- !u!1001 &1860178752
Prefab:
  m_ObjectHideFlags: 0
  serializedVersion: 2
  m_Modification:
    m_TransformParent: {fileID: 0}
    m_Modifications:
    - target: {fileID: 431756, guid: cd8f44ff6ea01824abe6d3e03cb94481, type: 2}
      propertyPath: m_LocalPosition.x
      value: -5.19000006
      objectReference: {fileID: 0}
    - target: {fileID: 431756, guid: cd8f44ff6ea01824abe6d3e03cb94481, type: 2}
      propertyPath: m_LocalPosition.y
      value: -6.57999992
      objectReference: {fileID: 0}
    - target: {fileID: 431756, guid: cd8f44ff6ea01824abe6d3e03cb94481, type: 2}
      propertyPath: m_LocalPosition.z
      value: 0
      objectReference: {fileID: 0}
    - target: {fileID: 431756, guid: cd8f44ff6ea01824abe6d3e03cb94481, type: 2}
      propertyPath: m_LocalRotation.x
      value: 0
      objectReference: {fileID: 0}
    - target: {fileID: 431756, guid: cd8f44ff6ea01824abe6d3e03cb94481, type: 2}
      propertyPath: m_LocalRotation.y
      value: 0
      objectReference: {fileID: 0}
    - target: {fileID: 431756, guid: cd8f44ff6ea01824abe6d3e03cb94481, type: 2}
      propertyPath: m_LocalRotation.z
      value: 0
      objectReference: {fileID: 0}
    - target: {fileID: 431756, guid: cd8f44ff6ea01824abe6d3e03cb94481, type: 2}
      propertyPath: m_LocalRotation.w
      value: 1
      objectReference: {fileID: 0}
    - target: {fileID: 431756, guid: cd8f44ff6ea01824abe6d3e03cb94481, type: 2}
      propertyPath: m_RootOrder
      value: 10
      objectReference: {fileID: 0}
    - target: {fileID: 431756, guid: cd8f44ff6ea01824abe6d3e03cb94481, type: 2}
      propertyPath: m_LocalScale.y
      value: 3.81214976
      objectReference: {fileID: 0}
    - target: {fileID: 431756, guid: cd8f44ff6ea01824abe6d3e03cb94481, type: 2}
      propertyPath: m_LocalScale.x
      value: 22.9028683
      objectReference: {fileID: 0}
    m_RemovedComponents: []
  m_ParentPrefab: {fileID: 100100000, guid: cd8f44ff6ea01824abe6d3e03cb94481, type: 2}
  m_RootGameObject: {fileID: 2082195734}
  m_IsPrefabParent: 0
  m_IsExploded: 1
--- !u!1001 &1927460602
Prefab:
  m_ObjectHideFlags: 0
  serializedVersion: 2
  m_Modification:
    m_TransformParent: {fileID: 0}
    m_Modifications:
    - target: {fileID: 431756, guid: cd8f44ff6ea01824abe6d3e03cb94481, type: 2}
      propertyPath: m_LocalPosition.x
      value: 9.35000038
      objectReference: {fileID: 0}
    - target: {fileID: 431756, guid: cd8f44ff6ea01824abe6d3e03cb94481, type: 2}
      propertyPath: m_LocalPosition.y
      value: -5.03000021
      objectReference: {fileID: 0}
    - target: {fileID: 431756, guid: cd8f44ff6ea01824abe6d3e03cb94481, type: 2}
      propertyPath: m_LocalPosition.z
      value: 0
      objectReference: {fileID: 0}
    - target: {fileID: 431756, guid: cd8f44ff6ea01824abe6d3e03cb94481, type: 2}
      propertyPath: m_LocalRotation.x
      value: 0
      objectReference: {fileID: 0}
    - target: {fileID: 431756, guid: cd8f44ff6ea01824abe6d3e03cb94481, type: 2}
      propertyPath: m_LocalRotation.y
      value: 0
      objectReference: {fileID: 0}
    - target: {fileID: 431756, guid: cd8f44ff6ea01824abe6d3e03cb94481, type: 2}
      propertyPath: m_LocalRotation.z
      value: 0
      objectReference: {fileID: 0}
    - target: {fileID: 431756, guid: cd8f44ff6ea01824abe6d3e03cb94481, type: 2}
      propertyPath: m_LocalRotation.w
      value: 1
      objectReference: {fileID: 0}
    - target: {fileID: 431756, guid: cd8f44ff6ea01824abe6d3e03cb94481, type: 2}
      propertyPath: m_RootOrder
      value: 9
      objectReference: {fileID: 0}
    - target: {fileID: 431756, guid: cd8f44ff6ea01824abe6d3e03cb94481, type: 2}
      propertyPath: m_LocalScale.x
      value: 6.18661547
      objectReference: {fileID: 0}
    - target: {fileID: 431756, guid: cd8f44ff6ea01824abe6d3e03cb94481, type: 2}
      propertyPath: m_LocalScale.y
      value: 6.92104626
      objectReference: {fileID: 0}
    m_RemovedComponents: []
  m_ParentPrefab: {fileID: 100100000, guid: cd8f44ff6ea01824abe6d3e03cb94481, type: 2}
  m_RootGameObject: {fileID: 1622427512}
  m_IsPrefabParent: 0
  m_IsExploded: 1
--- !u!1 &1957377827
GameObject:
  m_ObjectHideFlags: 0
  m_PrefabParentObject: {fileID: 102872, guid: b15f1953aad404041ba45f604d104b82, type: 2}
  m_PrefabInternal: {fileID: 287547869}
  serializedVersion: 4
  m_Component:
  - 224: {fileID: 1957377828}
  - 222: {fileID: 1957377831}
  - 114: {fileID: 1957377830}
  - 114: {fileID: 1957377829}
  m_Layer: 5
  m_Name: Resetbutton
  m_TagString: Untagged
  m_Icon: {fileID: 0}
  m_NavMeshLayer: 0
  m_StaticEditorFlags: 0
  m_IsActive: 1
--- !u!224 &1957377828
RectTransform:
  m_ObjectHideFlags: 0
  m_PrefabParentObject: {fileID: 22402872, guid: b15f1953aad404041ba45f604d104b82,
    type: 2}
  m_PrefabInternal: {fileID: 287547869}
  m_GameObject: {fileID: 1957377827}
  m_LocalRotation: {x: 0, y: 0, z: 0, w: 1}
  m_LocalPosition: {x: 0, y: 0, z: 0}
  m_LocalScale: {x: 1, y: 1, z: 1}
  m_Children: []
  m_Father: {fileID: 1734744912}
  m_RootOrder: 1
  m_AnchorMin: {x: 1, y: 1}
  m_AnchorMax: {x: 1, y: 1}
  m_AnchoredPosition: {x: -34.4000015, y: -50}
  m_SizeDelta: {x: 100, y: 100}
  m_Pivot: {x: .5, y: .5}
--- !u!114 &1957377829
MonoBehaviour:
  m_ObjectHideFlags: 0
  m_PrefabParentObject: {fileID: 11402872, guid: b15f1953aad404041ba45f604d104b82,
    type: 2}
  m_PrefabInternal: {fileID: 287547869}
  m_GameObject: {fileID: 1957377827}
  m_Enabled: 1
  m_EditorHideFlags: 0
  m_Script: {fileID: 1392445389, guid: f5f67c52d1564df4a8936ccd202a3bd8, type: 3}
  m_Name: 
  m_EditorClassIdentifier: 
  m_Navigation:
    m_Mode: 3
    m_SelectOnUp: {fileID: 0}
    m_SelectOnDown: {fileID: 0}
    m_SelectOnLeft: {fileID: 0}
    m_SelectOnRight: {fileID: 0}
  m_Transition: 1
  m_Colors:
    m_NormalColor: {r: 1, g: 1, b: 1, a: 1}
    m_HighlightedColor: {r: .960784316, g: .960784316, b: .960784316, a: 1}
    m_PressedColor: {r: .784313738, g: .784313738, b: .784313738, a: 1}
    m_DisabledColor: {r: .784313738, g: .784313738, b: .784313738, a: .501960814}
    m_ColorMultiplier: 1
    m_FadeDuration: .100000001
  m_SpriteState:
    m_HighlightedSprite: {fileID: 0}
    m_PressedSprite: {fileID: 0}
    m_DisabledSprite: {fileID: 0}
  m_AnimationTriggers:
    m_NormalTrigger: Normal
    m_HighlightedTrigger: Highlighted
    m_PressedTrigger: Pressed
    m_DisabledTrigger: Disabled
  m_Interactable: 1
  m_TargetGraphic: {fileID: 1957377830}
  m_OnClick:
    m_PersistentCalls:
      m_Calls:
      - m_Target: {fileID: 1136159612}
        m_MethodName: RestartGame
        m_Mode: 1
        m_Arguments:
          m_ObjectArgument: {fileID: 0}
          m_ObjectArgumentAssemblyTypeName: UnityEngine.Object, UnityEngine, Version=0.0.0.0,
            Culture=neutral, PublicKeyToken=null
          m_IntArgument: 0
          m_FloatArgument: 0
          m_StringArgument: 
          m_BoolArgument: 0
        m_CallState: 2
    m_TypeName: UnityEngine.UI.Button+ButtonClickedEvent, UnityEngine.UI, Version=1.0.0.0,
      Culture=neutral, PublicKeyToken=null
--- !u!114 &1957377830
MonoBehaviour:
  m_ObjectHideFlags: 0
  m_PrefabParentObject: {fileID: 11402874, guid: b15f1953aad404041ba45f604d104b82,
    type: 2}
  m_PrefabInternal: {fileID: 287547869}
  m_GameObject: {fileID: 1957377827}
  m_Enabled: 1
  m_EditorHideFlags: 0
  m_Script: {fileID: -765806418, guid: f5f67c52d1564df4a8936ccd202a3bd8, type: 3}
  m_Name: 
  m_EditorClassIdentifier: 
  m_Material: {fileID: 0}
  m_Color: {r: 1, g: 1, b: 1, a: 1}
  m_Sprite: {fileID: 21300000, guid: e2008c7442b77a845b35b5bdcb3ca5c7, type: 3}
  m_Type: 0
  m_PreserveAspect: 0
  m_FillCenter: 1
  m_FillMethod: 4
  m_FillAmount: 1
  m_FillClockwise: 1
  m_FillOrigin: 0
--- !u!222 &1957377831
CanvasRenderer:
  m_ObjectHideFlags: 0
  m_PrefabParentObject: {fileID: 22202872, guid: b15f1953aad404041ba45f604d104b82,
    type: 2}
  m_PrefabInternal: {fileID: 287547869}
  m_GameObject: {fileID: 1957377827}
--- !u!1 &2013869117
GameObject:
  m_ObjectHideFlags: 0
  m_PrefabParentObject: {fileID: 149902, guid: 83cc6a7b2e121451c84a3f40dec10bc3, type: 2}
  m_PrefabInternal: {fileID: 1697882528}
  serializedVersion: 4
  m_Component:
  - 4: {fileID: 2013869120}
  - 33: {fileID: 2013869119}
  - 23: {fileID: 2013869118}
  m_Layer: 11
  m_Name: Rock_1
  m_TagString: Untagged
  m_Icon: {fileID: 0}
  m_NavMeshLayer: 0
  m_StaticEditorFlags: 4294967295
  m_IsActive: 1
--- !u!23 &2013869118
Renderer:
  m_ObjectHideFlags: 0
  m_PrefabParentObject: {fileID: 2349902, guid: 83cc6a7b2e121451c84a3f40dec10bc3,
    type: 2}
  m_PrefabInternal: {fileID: 1697882528}
  m_GameObject: {fileID: 2013869117}
  m_Enabled: 1
  m_CastShadows: 1
  m_ReceiveShadows: 1
  m_LightmapIndex: 255
  m_LightmapTilingOffset: {x: 1, y: 1, z: 0, w: 0}
  m_Materials:
  - {fileID: 2100000, guid: 7abdf01dc0d3849349c235a2445bbed8, type: 2}
  m_SubsetIndices: 
  m_StaticBatchRoot: {fileID: 0}
  m_UseLightProbes: 0
  m_LightProbeAnchor: {fileID: 0}
  m_ScaleInLightmap: 1
  m_SortingLayerID: 0
  m_SortingOrder: 0
--- !u!33 &2013869119
MeshFilter:
  m_ObjectHideFlags: 0
  m_PrefabParentObject: {fileID: 3349902, guid: 83cc6a7b2e121451c84a3f40dec10bc3,
    type: 2}
  m_PrefabInternal: {fileID: 1697882528}
  m_GameObject: {fileID: 2013869117}
  m_Mesh: {fileID: 4300004, guid: 53c7f22359d134d71acf95c807832b17, type: 3}
--- !u!4 &2013869120
Transform:
  m_ObjectHideFlags: 0
  m_PrefabParentObject: {fileID: 449902, guid: 83cc6a7b2e121451c84a3f40dec10bc3, type: 2}
  m_PrefabInternal: {fileID: 1697882528}
  m_GameObject: {fileID: 2013869117}
  m_LocalRotation: {x: 0, y: 0, z: 0, w: 1}
  m_LocalPosition: {x: -2.78999996, y: -4.36999989, z: 1.77999997}
  m_LocalScale: {x: 1, y: 1, z: 1}
  m_Children: []
  m_Father: {fileID: 0}
  m_RootOrder: 1
--- !u!1 &2059297087
GameObject:
  m_ObjectHideFlags: 0
  m_PrefabParentObject: {fileID: 114540, guid: b15f1953aad404041ba45f604d104b82, type: 2}
  m_PrefabInternal: {fileID: 287547869}
  serializedVersion: 4
  m_Component:
  - 4: {fileID: 2059297088}
  - 114: {fileID: 2059297089}
  m_Layer: 0
  m_Name: AudioManager
  m_TagString: Untagged
  m_Icon: {fileID: 0}
  m_NavMeshLayer: 0
  m_StaticEditorFlags: 0
  m_IsActive: 1
--- !u!4 &2059297088
Transform:
  m_ObjectHideFlags: 0
  m_PrefabParentObject: {fileID: 414540, guid: b15f1953aad404041ba45f604d104b82, type: 2}
  m_PrefabInternal: {fileID: 287547869}
  m_GameObject: {fileID: 2059297087}
  m_LocalRotation: {x: 0, y: 0, z: 0, w: 1}
  m_LocalPosition: {x: 0, y: 0, z: 0}
  m_LocalScale: {x: 1, y: 1, z: 1}
  m_Children: []
  m_Father: {fileID: 1441561482}
  m_RootOrder: 7
--- !u!114 &2059297089
MonoBehaviour:
  m_ObjectHideFlags: 0
  m_PrefabParentObject: {fileID: 11414540, guid: b15f1953aad404041ba45f604d104b82,
    type: 2}
  m_PrefabInternal: {fileID: 287547869}
  m_GameObject: {fileID: 2059297087}
  m_Enabled: 1
  m_EditorHideFlags: 0
  m_Script: {fileID: 11500000, guid: b60b138f9e4086544b38d0e32c2a93d3, type: 3}
  m_Name: 
  m_EditorClassIdentifier: 
  blood: {fileID: 8300000, guid: f8283519736ca0241b4c5953f540d82b, type: 3}
  trampoline: {fileID: 8300000, guid: eac9bbaf1e4a7724f91953b7693e1e17, type: 3}
  finish: {fileID: 8300000, guid: ed8e56d9aa93d6a4cb588e180dd991cc, type: 3}
--- !u!1 &2082195734
GameObject:
  m_ObjectHideFlags: 0
  m_PrefabParentObject: {fileID: 131756, guid: cd8f44ff6ea01824abe6d3e03cb94481, type: 2}
  m_PrefabInternal: {fileID: 1860178752}
  serializedVersion: 4
  m_Component:
  - 4: {fileID: 2082195738}
  - 33: {fileID: 2082195737}
  - 23: {fileID: 2082195736}
  - 61: {fileID: 2082195735}
  m_Layer: 11
  m_Name: Wall
  m_TagString: Untagged
  m_Icon: {fileID: 0}
  m_NavMeshLayer: 0
  m_StaticEditorFlags: 4294967295
  m_IsActive: 1
--- !u!61 &2082195735
BoxCollider2D:
  m_ObjectHideFlags: 0
  m_PrefabParentObject: {fileID: 6131756, guid: cd8f44ff6ea01824abe6d3e03cb94481,
    type: 2}
  m_PrefabInternal: {fileID: 1860178752}
  m_GameObject: {fileID: 2082195734}
  m_Enabled: 1
  m_Material: {fileID: 6200000, guid: 0f9601490b0445449bf8c8bf05de79fe, type: 2}
  m_IsTrigger: 0
  m_Size: {x: 1, y: 1}
  m_Center: {x: 0, y: 0}
--- !u!23 &2082195736
Renderer:
  m_ObjectHideFlags: 0
  m_PrefabParentObject: {fileID: 2331756, guid: cd8f44ff6ea01824abe6d3e03cb94481,
    type: 2}
  m_PrefabInternal: {fileID: 1860178752}
  m_GameObject: {fileID: 2082195734}
  m_Enabled: 1
  m_CastShadows: 1
  m_ReceiveShadows: 1
  m_LightmapIndex: 255
  m_LightmapTilingOffset: {x: 1, y: 1, z: 0, w: 0}
  m_Materials:
  - {fileID: 2100000, guid: 2a5b7f433598a412b8130055a22f7620, type: 2}
  m_SubsetIndices: 
  m_StaticBatchRoot: {fileID: 0}
  m_UseLightProbes: 0
  m_LightProbeAnchor: {fileID: 0}
  m_ScaleInLightmap: 1
  m_SortingLayerID: 0
  m_SortingOrder: 0
--- !u!33 &2082195737
MeshFilter:
  m_ObjectHideFlags: 0
  m_PrefabParentObject: {fileID: 3331756, guid: cd8f44ff6ea01824abe6d3e03cb94481,
    type: 2}
  m_PrefabInternal: {fileID: 1860178752}
  m_GameObject: {fileID: 2082195734}
  m_Mesh: {fileID: 4300000, guid: 582e4a305ed745542b5339002232ab25, type: 3}
--- !u!4 &2082195738
Transform:
  m_ObjectHideFlags: 0
  m_PrefabParentObject: {fileID: 431756, guid: cd8f44ff6ea01824abe6d3e03cb94481, type: 2}
  m_PrefabInternal: {fileID: 1860178752}
  m_GameObject: {fileID: 2082195734}
  m_LocalRotation: {x: 0, y: 0, z: 0, w: 1}
  m_LocalPosition: {x: -5.19000006, y: -6.57999992, z: 0}
  m_LocalScale: {x: 22.9028683, y: 3.81214976, z: 3}
  m_Children: []
  m_Father: {fileID: 0}
  m_RootOrder: 10
